2022 3145
803 386 1212 439 APPENDIX
1265 385 1326 436 B.

267 512 493 557 Extracts
501 513 634 570 from
652 511 727 556 the
745 511 1081 569 ‘Epitaphium
1097 511 1357 565 Damom‘s,’
1373 525 1403 553 a
1415 509 1639 567 pastoral
1652 510 1779 568 elegy
1795 509 1848 566 by

461 583 595 640 John
617 582 797 626 Milton
819 595 877 625 on
899 581 976 625 tlze
994 581 1133 624 death
1156 581 1217 638 of
1226 580 1421 625 Charles
1441 578 1647 623 Dz'odatz‘

955 652 1008 694 in
1034 651 1158 707 1638.

323 754 425 798 The
466 753 565 798 title
602 753 640 797 is
676 753 919 798 borrowed
954 753 1076 797 from
1115 753 1355 796 Moschus’
1388 752 1643 807 Ἐπιτάφιος
1675 750 1845 794 Βίωνος.

264 823 366 866 The
398 832 507 880 poet
539 825 706 880 speaks
740 823 784 866 in
819 824 896 867 the
929 824 1169 866 character
1192 823 1244 865 of
1260 821 1455 878 Thyrsis
1487 820 1743 877 lamenting
1766 820 1845 865 the

262 893 354 935 loss
379 892 432 936 of
448 893 648 946 Damon,
671 891 742 936 his
764 892 915 936 friend
937 892 1032 936 and
1052 893 1199 936 fellow
1222 891 1470 949 shepherd.

425 990 663 1030 Himerides
690 991 897 1043 nymphae
927 992 1041 1034 (nam
1068 1004 1142 1030 vos
1171 997 1211 1030 et
1239 989 1440 1041 Daphnin
1469 995 1509 1029 et
1540 988 1711 1039 Hylam,

423 1056 475 1094 Et
504 1055 667 1107 plorata
696 1055 767 1094 diu
795 1055 1039 1095 meministis
1068 1055 1152 1094 sata
1183 1055 1357 1103 Bionis),

423 1121 563 1161 Dicite
593 1120 839 1161 Sicelicum1
870 1121 1122 1161 Thamesina
1151 1134 1224 1173 per
1252 1119 1410 1173 oppida
1440 1132 1624 1159 carmen:

421 1186 533 1236 Quas
561 1186 684 1225 miser
712 1185 852 1226 effudit
880 1199 1012 1234 voces,
1045 1199 1148 1239 quae
1177 1199 1384 1225 murmura
1414 1185 1596 1236 Thyrsis,

418 1254 470 1294 Et
501 1255 646 1306 quibus
675 1255 848 1295 assiduis
877 1256 1055 1295 exercuit
1086 1261 1201 1295 antra
1230 1255 1416 1308 querelis,

418 1319 692 1372 Fluminaque
721 1321 933 1372 fontesque
960 1334 1089 1372 vagos
1117 1333 1411 1372 nemorumque
1440 1333 1644 1367 recessus;

416 1384 531 1423 Dum
561 1385 638 1423 sibi
667 1392 927 1438 praereptum
957 1386 1135 1437 queritur
1164 1386 1372 1435 Damona,
1402 1398 1533 1438 neque
1562 1385 1691 1424 altam

417 1449 616 1490 Luctibus
645 1451 795 1490 exemit
823 1458 987 1491 noctem
1016 1451 1109 1491 loca
1139 1451 1230 1491 sola
1259 1465 1482 1503 pererrans.

416 1592 495 1631 Ast
523 1591 595 1630 ubi
623 1605 736 1632 mens
765 1593 930 1645 expleta
959 1592 1130 1632 domum
1158 1593 1398 1645 pecorisque
1427 1593 1562 1633 relicti

416 1657 525 1695 Cura
552 1664 684 1706 vocat,
716 1659 840 1697 simul
869 1664 1029 1698 assueta
1057 1659 1241 1711 seditque
1270 1660 1345 1698 sub
1372 1659 1500 1707 ulmo,

415 1721 523 1760 Tum
551 1735 648 1762 vero
677 1724 872 1762 amissum
901 1729 990 1763 tum
1020 1723 1194 1776 denique
1224 1725 1345 1763 sentit
1375 1725 1565 1771 amicum,

415 1786 564 1839 Coepit
593 1797 632 1827 et
661 1788 906 1828 immensum
935 1789 994 1828 sic
1023 1802 1246 1829 exonerare
1275 1790 1476 1830 dolorem.

411 1928 474 1967 Ite
503 1928 667 1967 domum
697 1929 880 1981 impasti,
909 1929 1073 1970 domino
1102 1930 1189 1969 iam
1219 1944 1302 1970 non
1331 1936 1464 1980 vacat,
1495 1931 1601 1982 agni
1611 1929 1638 1969 ².

410 1992 618 2044 Quicquid
645 1993 736 2042 erit,
766 2000 873 2033 certe
901 1995 979 2034 nisi
1008 2008 1074 2035 me
1102 1995 1224 2048 lupus
1253 2003 1345 2036 ante
1374 1996 1531 2035 videbit
1543 1996 1574 2045 ²,

410 2057 679 2110 Indeplorato
707 2072 790 2098 non
819 2060 1096 2100 comminuere
1125 2061 1357 2113 sepulchro,

411 2123 707 2176 Constabitque
735 2130 828 2163 tuus
856 2124 933 2163 tibi
962 2125 1093 2164 honos
1122 2125 1375 2179 longumque
1403 2125 1559 2178 vigebit

409 2187 523 2226 Inter
550 2194 748 2240 pastores.
807 2189 880 2227 Illi
910 2189 986 2229 tibi
1016 2196 1113 2229 vota
1142 2192 1320 2230 secundo

409 2252 575 2292 Solvere
604 2260 699 2306 post
727 2253 966 2306 Daphnin*9
988 2261 1084 2306 post
1104 2256 1300 2307 Daphnin
1322 2257 1455 2296 dicere
1477 2256 1622 2295 laudes

409 2316 659 2358 Gaudebunt
688 2319 786 2357 dum
815 2332 909 2358 rura
937 2319 1073 2368 Pales,
1103 2320 1202 2359 dum
1231 2321 1395 2360 Faunus
1423 2321 1597 2360 amabit:

405 2382 449 2420 Si
479 2383 577 2433 quid
606 2383 650 2422 id
679 2388 740 2423 est
768 2383 1025 2436 priscamque
1053 2385 1178 2424 fidem
1208 2386 1383 2425 coluisse
1411 2385 1609 2437 piumque

406 2447 697 2500 Palladiasqne
725 2455 844 2497 anes,
876 2450 1114 2502 sociumque
1141 2450 1333 2490 habuisse
1363 2464 1570 2491 canorum.

405 2587 467 2627 Ite
495 2588 661 2627 domum
691 2588 873 2641 impasti,
902 2587 1065 2627 domino
1091 2589 1177 2627 iam
1207 2603 1289 2628 non
1319 2597 1453 2639 vacat,
1481 2590 1595 2642 agni.

405 2652 572 2704 Tityrus
600 2654 654 2693 ad
683 2653 846 2705 corylos
874 2659 1008 2702 vocat,
1038 2654 1342 2706 Alphesiboeus
1371 2656 1424 2694 ad
1453 2669 1589 2703 ornOS,

291 2786 305 2807 ¹
335 2785 452 2837 Virg.
473 2785 521 2823 E.
543 2785 595 2825 iv,
616 2798 656 2834 13
684 2786 736 2825 vi.
762 2797 778 2825 1
796 2799 806 2832 ;
837 2785 927 2824 also
949 2784 1000 2824 G.
1023 2785 1066 2824 ii.
1087 2784 1176 2836 176.
1288 2785 1303 2807 ²
1333 2786 1372 2824 A
1392 2785 1624 2837 recurring‘
1638 2782 1824 2833 burden,’

237 2854 280 2879 as
301 2840 340 2879 in
363 2840 477 2891 Virg.
501 2840 548 2878 E.
569 2840 655 2879 viii.
822 2839 836 2862 ³
866 2840 915 2879 E.
940 2839 994 2878 ix.
1014 2851 1078 2891 54.
1242 2839 1257 2862 4
1288 2840 1336 2879 Ε.
1357 2853 1393 2879 v.
1419 2838 1566 2891 56—80.

372 2913 424 2964 66
