2018 3120
195 101 262 163 26
843 107 1205 152 BUCOLICA.

886 257 1152 306 Meliboeus.

186 368 251 414 At
287 381 377 414 nos
413 365 526 414 hinc
563 367 641 413 alii
677 367 888 415 sitientes
923 367 1098 414 ibimus
1137 366 1292 424 Afros,

184 471 297 519 pars
335 455 581 518 Scythiam
616 464 663 503 et
698 455 921 518 rapidum
957 464 1116 503 cretae
1151 456 1399 503 veniemus
1436 455 1610 504 Oaxen

185 552 232 592 et
267 545 459 607 penitus
494 552 596 591 toto
633 544 810 591 divisos
846 545 963 591 orbe
1000 543 1272 591 Britannos.

184 632 263 679 En
298 619 532 696 umquam
569 633 752 695 patrios
789 632 937 694 longo
972 641 1083 695 post
1119 641 1339 694 tempore
1376 633 1511 691 fines,

184 723 410 785 pauperis
446 731 491 769 et
527 722 685 783 tuguri
722 730 1010 783 congestum
1046 722 1254 783 caespite
1290 722 1484 770 culmen

184 820 295 874 post
330 811 526 874 aliquot,
565 826 674 857 mea
709 826 859 872 regna
894 810 1075 869 videns,
1115 811 1326 858 mirabor
1362 811 1564 859 aristas?

185 899 370 962 Impius
406 899 527 947 haec
564 908 663 946 tam
697 900 824 947 culta
860 900 1050 947 novalia
1084 900 1222 946 miles
1258 900 1468 958 habebit,
1594 886 1597 888 ¹

184 990 416 1035 barbarus
451 988 538 1035 has
575 997 790 1050 segetes:
839 1004 901 1035 en
938 1003 1035 1051 quo
1072 988 1310 1035 discordia
1347 989 1472 1036 cives

184 1077 412 1140 produxit
447 1078 662 1135 miseros,
699 1077 772 1125 his
808 1093 900 1125 nos
938 1078 1244 1126 consevimus
1281 1080 1452 1140 agros!

185 1168 349 1215 Insere
385 1182 530 1224 nunc,
571 1166 827 1224 Meliboee,
853 1168 1011 1229 piros:
1055 1182 1185 1228 pone
1223 1167 1390 1214 ordine
1426 1167 1557 1215 vites.

185 1257 257 1304 Ite
293 1272 446 1314 meae,
487 1255 597 1303 felix
635 1255 887 1318 quondam
923 1271 1084 1317 pecus,
1125 1256 1187 1302 ite
1224 1256 1448 1317 capellae.

185 1346 304 1393 Non
340 1360 433 1408 ego
469 1360 555 1393 vos
590 1345 794 1407 posthac
830 1345 967 1391 viridi
1003 1345 1245 1406 proiectus
1280 1346 1330 1391 in
1365 1354 1507 1393 antro

185 1436 391 1483 dumosa
425 1435 634 1497 pendere
670 1434 842 1496 procul
878 1434 938 1482 de
973 1450 1091 1496 rupe
1126 1435 1329 1492 videbo;

185 1525 401 1573 carmina
435 1524 567 1570 nulla
604 1539 808 1582 canam3
853 1538 955 1571 non
991 1539 1070 1571 me
1105 1532 1348 1586 pascente,
1389 1524 1613 1586 capellae,

184 1614 439 1662 florentem
473 1614 678 1676 cytisum
714 1622 761 1661 et
797 1614 967 1661 salices
1003 1614 1204 1675 carpetis
1241 1629 1443 1661 amaras.

922 1745 1127 1805 Tityrus.

185 1856 284 1904 Hic
318 1864 480 1902 tamen
514 1855 639 1902 hanc
675 1870 868 1902 mecum
902 1864 1095 1917 poteras
1132 1855 1432 1918 requiescere
1468 1862 1663 1902 noctem

185 1945 357 1993 fronde
395 1960 538 2007 super
573 1944 740 1992 viridi:
790 1952 901 1991 sunt
938 1944 1079 1992 nobis
1115 1944 1248 1990 mitia
1284 1959 1445 2006 poma,

186 2044 439 2083 castaneae
474 2033 643 2082 molles
679 2042 725 2080 et
761 2034 913 2096 pressi
950 2033 1090 2095 copia
1126 2033 1274 2081 lactis.

184 2123 249 2172 Et
284 2125 381 2171 iarn
418 2139 607 2170 summa
641 2123 812 2185 procul
845 2123 1065 2170 villarum
1101 2122 1310 2170 culmina
1346 2121 1545 2178 fumant,

185 2214 487 2275 maioresque
523 2212 702 2260 cadunt
737 2212 842 2259 altis
879 2212 938 2260 de
973 2212 1222 2259 montibus
1255 2211 1471 2257 umbrae.

798 2451 1128 2497 ECLOGA
1169 2451 1246 2495 ΙΙ.

186 2574 459 2623 Formosum
494 2582 660 2636 pastor
697 2573 931 2635 Corydon
968 2573 1169 2620 ardebat
1205 2572 1412 2628 Alexim,

188 2663 380 2710 delicias
417 2662 630 2722 domini3
673 2678 763 2710 nec
800 2662 917 2725 quid
953 2670 1164 2724 speraret
1199 2661 1421 2709 habebat.

190 2751 408 2798 Tantum
443 2752 564 2799 inter
601 2751 789 2811 densas,
827 2752 1058 2799 umbrosa
1093 2751 1358 2810 cacumina,
1397 2750 1536 2813 fagos

190 2840 380 2888 assidue
416 2841 651 2888 veniebat.
723 2840 799 2888 Ibi
834 2840 955 2888 haec
992 2841 1239 2888 incondita
1274 2840 1405 2888 solus

1805 919 1855 962 70

1808 1361 1854 1405 75

1806 1953 1859 1991 80
