2022 3145
213 133 282 185 52
810 137 816 139 -
855 121 1214 167 BUCOLJCA.

925 258 1142 320 Lycidas.

212 363 341 422 Heu,
380 362 506 411 cadit
539 362 590 409 in
626 376 921 425 quemquam
956 369 1145 408 tantum
1182 359 1367 409 scelus?
1415 360 1523 421 heu,
1562 369 1644 409 tua
1679 361 1820 409 nobis

209 468 363 515 paene
399 451 542 499 simul
578 460 739 499 tecum
777 451 946 498 solatia
980 459 1131 513 rapta,
1172 449 1435 497 Menalca?

211 541 334 600 Quis
370 549 563 589 caneret
599 539 887 602 Nymphas?
961 538 1084 596 Quis
1121 538 1323 585 humum
1359 538 1640 586 florentibus
1675 538 1834 586 herbis

210 638 469 693 spargeret,
509 637 590 676 aut
625 629 759 675 viridi
794 628 953 675 fontes
989 627 1234 674 induceret
1271 628 1473 675 umbra?
1814 646 1866 674 20

208 719 301 767 Vel
337 734 459 781 quae
496 717 680 779 sublegi
715 716 887 763 tacitus
921 717 1007 763 tibi
1041 717 1255 763 carmina
1291 731 1459 778 nuper,

209 823 320 856 cum
355 816 400 854 te
438 807 498 853 ad
534 806 725 853 delicias
761 804 905 852 ferres
941 804 1237 866 Amaryllida
1274 813 1492 852 nostras:

212 896 422 958 ‘Tityre‚
462 894 578 942 dum
613 894 757 941 redeo
794 892 972 956 (brevis
1008 902 1080 940 est
1114 891 1211 956 via)
1245 908 1389 955 pasce
1425 893 1644 955 capellas,

209 994 256 1033 et
291 993 460 1047 potum
494 991 656 1046 pastas
691 998 796 1044 age,
836 982 1017 1044 Tityre,
1055 990 1102 1029 et
1136 982 1259 1029 inter
1294 981 1537 1044 agendum

210 1089 463 1122 occursare
499 1087 645 1134 capro
681 1069 857 1134 (comu
891 1070 996 1118 ferit
1031 1068 1130 1134 ille)
1167 1069 1366 1118 caveto.'
1813 1092 1872 1131 ²5«

936 1202 1011 1249 M
1003 1205 1131 1250 oeris.

207 1315 368 1363 Immo
403 1315 536 1374 haec,
576 1330 700 1377 quae
736 1314 870 1362 Varo
906 1313 1115 1361 necdum
1151 1311 1362 1375 perfecta
1396 1314 1633 1362 canebat:

212 1405 381 1463 ‘Vare‚
421 1413 557 1451 tuum
593 1418 788 1462 nomen,
829 1411 1018 1466 superet
1053 1403 1200 1450 modo
1238 1402 1443 1449 Mantua
1479 1403 1633 1461 nobis,

209 1491 534 1540 MantuaXvae
571 1476 782 1540 miserae.
811 1493 1013 1539 nimium
1050 1493 1206 1539 vicina
1244 1492 1531 1550 Cremonae,

208 1590 457 1629 cantantes
493 1582 695 1629 sublime
732 1582 884 1629 ferent
921 1582 982 1628 ad
1018 1582 1173 1628 sidera
1208 1581 1374 1643 cycni?

927 1711 1144 1774 Lycidas.

210 1816 288 1865 Sic
325 1824 407 1863 tua
443 1815 659 1878 Cyrneas
694 1815 879 1878 fugiant
914 1818 1138 1864 examina
1173 1825 1328 1875 taxos,
1810 1838 1861 1877 30

208 1906 275 1953 sic
311 1906 463 1967 cytiso
498 1914 662 1967 pastae
699 1905 973 1954 distendant
1008 1908 1158 1954 ubera
1193 1922 1399 1954 vaccae:

207 1995 378 2058 incipe,
420 1995 458 2043 si
493 1995 610 2057 quid
644 1994 804 2042 habes.
875 1995 939 2042 Et
974 2011 1052 2043 me
1089 1995 1242 2044 fecere
1277 2005 1472 2058 poetam

209 2084 432 2143 Pierides,
472 2092 581 2131 sunt
617 2092 664 2132 et
698 2083 816 2131 mihi
851 2086 1079 2144 carmina,
1119 2100 1198 2132 me
1235 2100 1431 2149 quoque
1469 2086 1634 2135 dicunt

208 2182 366 2221 vatem
402 2181 650 2236 pastores;
703 2173 788 2220 sed
823 2189 923 2221 non
960 2190 1052 2237 ego
1089 2174 1311 2222 credulus
1349 2175 1453 2222 illis.

209 2262 340 2310 Nam
375 2278 533 2325 neque
569 2262 725 2309 adhuc
761 2262 912 2310 Vario
947 2263 1112 2311 videor
1147 2279 1237 2311 nec
1273 2263 1430 2311 dicere
1472 2264 1629 2312 Cinna
1815 2286 1863 2328 35

210 2352 370 2415 digna,
409 2351 495 2399 sed
529 2359 727 2413 argutos
762 2351 886 2399 inter
923 2361 1131 2414 strepere
1168 2367 1310 2400 anser
1346 2352 1518 2400 olores.

937 2482 1131 2530 Moeris.

211 2582 271 2631 Id
305 2584 500 2649 quidem
537 2600 631 2648 ago
667 2594 714 2632 et
750 2585 935 2643 tacituS,
973 2584 1169 2648 Lycida,
1208 2602 1404 2635 mecum
1439 2588 1541 2651 ipse
1577 2588 1753 2649 voluto,

212 2673 251 2720 si
287 2672 471 2720 valeam
507 2674 814 2733 meminisse3
867 2691 1025 2738 neque
1062 2684 1132 2723 est
1169 2676 1378 2739 ignobile
1415 2693 1624 2727 carmen.

213 2763 224 2783 ‘
247 2760 361 2809 Huc
398 2762 526 2821 ades,
566 2778 596 2811 o
634 2762 868 2823 Galatea;
920 2766 1026 2827 quis
1063 2774 1134 2813 est
1172 2781 1286 2813 nam
1321 2766 1462 2814 ludus
1498 2768 1548 2815 in
1583 2767 1759 2817 undis?

213 2848 312 2898 Hic
347 2865 428 2899 ver
463 2867 767 2914 purpureum,
806 2855 963 2903 varios
998 2854 1074 2903 bic
1109 2855 1310 2903 flumina
1345 2859 1525 2906 circum
1810 2881 1864 2920 40
