2022 3145
213 164 279 215 34
865 151 1223 197 BUCOLJCA.

909 308 1171 356 Damoetas.

211 420 309 479 Qui
346 421 502 481 legitis
539 419 682 466 flores
718 429 764 465 et
801 419 934 464 humi
971 420 1220 466 nascentia
1257 419 1409 481 fraga,

208 509 420 571 frigidus,
458 524 488 556 o
524 509 674 569 pueri,
713 508 861 570 fugite
899 507 1025 565 hinc,
1065 508 1178 555 latet
1216 490 1389 570 anguis
1425 509 1475 556 in
1513 509 1677 557 herba.

909 652 1170 700 Menalcas.

212 763 410 820 Parcite,
448 779 575 820 oves,
612 763 816 809 nimium
852 764 1144 825 procedere:
1196 780 1295 812 non
1331 766 1456 811 bene
1493 766 1624 826 ripae

211 853 446 909 crediturg
496 853 598 914 ipse
634 853 754 899 aries
791 853 933 899 etiam
971 869 1101 901 nunc
1139 854 1313 900 vellera
1350 855 1510 901 siccat.
1823 877 1872 916 95

907 984 1171 1032 Damoetas.

211 1095 390 1156 Tityre,
420 1105 672 1156 pascentes
708 1111 736 1142 a
773 1094 971 1142 flumine
1009 1097 1135 1144 reice
1173 1097 1408 1158 capellas;

134 1216 139 1221 -
209 1185 325 1246 ipse,
364 1184 445 1231 ubi
480 1193 671 1247 tempus
707 1185 808 1244 erit,
846 1201 1019 1233 omnes
1055 1186 1103 1232 in
1139 1185 1272 1233 fonte
1309 1187 1494 1234 lavabo.

913 1317 1172 1365 Menalcas.

211 1426 384 1488 Cogite
422 1443 551 1483 oves,
588 1429 750 1489 pueri;
801 1429 837 1474 si
875 1428 949 1474 lac
986 1430 1284 1490 praeceperit
1322 1438 1496 1487 aestus,

210 1525 262 1563 ut
297 1532 463 1578 nuper,
500 1515 671 1563 frustra
709 1518 1039 1579 pressabimus
1076 1519 1226 1564 ubera
1262 1517 1450 1579 palmis.

913 1649 1176 1695 Damoetas.

213 1758 327 1805 Heu
364 1759 471 1816 heu,
499 1773 646 1820 quam
683 1759 850 1820 pingui
886 1774 1050 1806 macer
1075 1768 1147 1806 est
1183 1761 1300 1805 mihi
1339 1771 1498 1807 taurus
1535 1761 1584 1806 in
1621 1763 1761 1808 ervo!
1806 1780 1879 1807 100

211 1848 348 1894 Idem
387 1863 525 1895 amor
561 1848 760 1895 exitium
798 1848 959 1909 pecori
996 1849 1286 1910 pecorisque
1324 1850 1568 1911 magistro.

915 1978 1174 2026 Menalcas.

214 2089 308 2136 His
345 2101 470 2136 certe
508 2105 666 2152 neque
704 2105 839 2137 amor
875 2105 1022 2137 causa
1058 2099 1152 2137 est:
1197 2091 1275 2136 vix
1312 2091 1500 2136 ossibus
1539 2091 1753 2138 haerent.

215 2179 395 2227 Nescio
433 2180 539 2241 quis
575 2189 766 2226 teneros
803 2180 972 2227 oculus
1009 2179 1126 2226 mihi
1164 2180 1366 2226 fascinat
1403 2195 1570 2240 agnos,

917 2325 1183 2372 Damoetas.

216 2436 322 2495 Dic,
359 2436 532 2498 quibus
568 2436 617 2481 in
656 2435 906 2482 terris—et
943 2437 1036 2482 eris
1072 2436 1188 2482 mihi
1225 2451 1434 2497 magnus
1471 2436 1719 2498 Apollo——

215 2537 307 2571 tres
342 2532 503 2586 pateat
539 2523 660 2571 caeli
697 2525 904 2586 spatium
943 2540 1042 2572 non
1080 2525 1284 2586 amplius
1320 2525 1472 2572 ulnas.
1806 2546 1880 2586 105

918 2668 1178 2717 M’nalcas.

218 2779 323 2835 Dm,
362 2780 537 2840 quibus
573 2781 623 2826 in
658 2781 796 2827 terris
832 2781 1048 2843 inscripti
1086 2782 1287 2850 nomina
1321 2797 1490 2842 regum

220 2877 476 2914 nascantur
512 2867 680 2926 flores;
735 2878 781 2916 et
818 2868 1038 2931 Phyllida
1073 2870 1204 2917 solus
1240 2869 1429 2917 habeto.
