2022 3145
653 119 921 164 ECLOGA
974 121 1023 164 V.
1069 128 1257 181 10—59.
1713 131 1779 183 39

127 265 178 303 tu
214 256 362 303 decus
399 270 545 302 omne
583 256 688 303 tuis.
751 257 1016 318 Postquam
1054 266 1100 303 te
1137 256 1233 303 fata
1269 258 1491 312 tulerunt,

125 345 232 406 ipsa
268 343 406 391 Pales
442 359 586 406 agros
622 354 765 407 atque
802 346 904 407 ipse
942 345 1131 407 reliquit
1168 346 1361 407 Apollo.
1732 366 1779 404 35

126 431 343 480 Grandia
378 448 522 494 saepe
558 434 732 496 quibus
767 434 1100 480 mandavimus
1135 433 1318 481 hordea
1353 434 1511 492 sulcis,

127 521 289 568 infelix
322 520 488 568 lolium
525 531 573 568 et
611 523 794 569 steriles
831 531 1095 569 nascuntur
1132 537 1310 569 avenae
1331 537 1342 578 ;

122 625 217 671 pro
251 609 385 656 molli
419 609 556 668 viola,
595 626 684 672 pro
720 626 965 672 purpureo
1002 611 1218 658 narcisso

126 698 332 746 carduus
368 707 415 746 et
452 700 602 761 spinis
641 701 790 762 surgit
827 700 1039 761 paliurus
1076 701 1241 747 acutis.

61 806 65 811 ¹
130 787 350 850 Spargite
387 787 590 834 humum
627 788 762 847 foliis,
800 789 1012 836 inducite
1049 789 1262 835 fontibus
1299 789 1514 845 umbras,
1733 809 1786 846 40

129 885 362 939 pastores,
399 877 599 924 mandat
636 877 737 923 fieri
775 878 862 924 sibi
900 877 1010 923 talia
1047 877 1296 939 Daphnis;

129 974 176 1012 et
210 965 450 1012 tumulum
486 965 640 1021 facite,
677 974 724 1012 et
762 966 948 1012 tumulo
986 966 1294 1027 superaddite
1331 981 1558 1013 carmen:

131 1052 380 1116 ‘Daphnis
415 1070 509 1116 ego
545 1055 594 1100 in
632 1055 773 1111 silvis,
811 1054 924 1101 hinc
961 1070 1114 1116 usque
1152 1055 1214 1101 ad
1251 1055 1406 1101 sidera
1444 1064 1601 1111 notus,

130 1143 327 1190 formosi
364 1143 553 1204 pecoris
589 1151 767 1199 custos,
804 1143 1061 1190 formosior
1097 1140 1228 1204 ipse.'

828 1258 1088 1306 stlenalcas.

130 1355 251 1404 Tale
286 1365 423 1402 tuum
460 1371 658 1404 carmen
694 1357 848 1409 nobis,
889 1357 1046 1403 divine
1084 1367 1243 1418 poeta,
1739 1379 1787 1416 45

127 1445 268 1506 quale
306 1429 452 1507 sopor
486 1444 622 1492 fessis
658 1445 708 1491 in
745 1446 977 1507 gramine,
1016 1445 1154 1506 quale
1191 1461 1278 1507 per
1314 1454 1500 1492 aestum

129 1535 281 1581 dulcis
316 1549 470 1596 aquae
507 1534 705 1581 saliente
743 1534 870 1580 sitim
906 1535 1201 1595 restinguere
1239 1535 1353 1581 rivo.

133 1623 237 1670 Nec
272 1623 470 1670 calamis
505 1622 660 1670 solum
697 1623 996 1685 aequiperas,
1034 1623 1118 1670 sed
1155 1638 1272 1670 voce
1308 1624 1607 1685 magistrum.

132 1712 395 1759 Fortunate
431 1727 566 1772 puer,
603 1720 655 1757 tu
691 1727 819 1758 nunc
857 1713 950 1758 eris
987 1712 1106 1759 alter
1142 1713 1203 1758 ab
1240 1712 1335 1760 illo.

132 1800 238 1848 Nos
274 1810 437 1848 tamen
474 1800 593 1847 haec
631 1815 940 1862 quocumque
978 1800 1128 1847 modo
1166 1801 1253 1847 tibi
1291 1810 1458 1848 nostra
1494 1802 1703 1849 vicissim
1741 1822 1792 1861 50

132 1891 362 1948 dicemus,
400 1888 746 1951 Daphnimque
784 1898 921 1935 tuum
958 1890 1180 1936 tollemus
1217 1889 1278 1936 ad
1315 1898 1440 1936 astra
1461 1905 1472 1946 ;

131 1977 364 2040 Daphnin
399 1977 461 2024 ad
496 1986 625 2024 astra
660 1977 895 2024 feremus:
948 1979 1124 2024 amavit
1162 1993 1252 2024 nos
1289 1993 1485 2040 quoque
1523 1977 1757 2038 Daphnis.

853 2094 1064 2155 Mopsus.

130 2191 209 2237 An
244 2191 505 2254 quicquam
540 2192 682 2238 nobis
719 2191 800 2237 tali
839 2192 896 2237 sit
933 2205 1133 2237 munere
1169 2190 1360 2237 maius?

129 2288 176 2327 et
211 2293 334 2341 puer
367 2279 470 2341 ipse
505 2280 593 2325 fuit
630 2280 813 2326 cantari
851 2279 1039 2341 dignus,
1078 2288 1124 2325 et
1160 2279 1251 2324 ista

129 2368 228 2414 iam
262 2367 452 2430 pridem
490 2367 762 2415 Stimichon
797 2367 1006 2414 laudavit
1043 2369 1260 2414 carmina
1295 2368 1452 2414 nobis.
1743 2387 1792 2426 55

827 2484 1089 2532 Menalcas.

130 2577 379 2626 Candidus
415 2580 656 2626 insuetum
694 2581 897 2626 miratur
931 2566 1079 2627 limen
1117 2580 1317 2642 Olympi

130 2667 220 2713 sub
254 2667 556 2729 pedibusque
592 2668 720 2715 videt
757 2669 910 2715 nubes
948 2679 995 2715 et
1032 2668 1188 2715 sidera
1223 2667 1463 2729 Daphnis.

130 2754 263 2817 Ergo
299 2755 469 2803 alacris
504 2755 645 2802 silvas
682 2765 730 2804 et
767 2765 925 2804 cetera
962 2772 1072 2803 rura
1107 2757 1326 2818 voluptas

133 2842 362 2905 Panaque
398 2851 714 2905 pastoresque
750 2853 881 2892 tenet
919 2845 1237 2907 Dryadasque
1275 2846 1472 2906 puellas.
