2022 3145
185 148 255 206 46
834 148 1190 191 BUCOLJCA.

190 287 228 333 si
266 285 382 331 mihi
419 300 517 332 non
553 284 671 331 haec
708 285 788 330 lux
826 294 930 331 toto
966 285 1062 331 iarn
1099 286 1288 348 longior
1324 303 1454 334 anno
1489 297 1575 334 est.

188 374 259 421 Ite
297 374 496 421 domum
532 374 669 434 pasti,
711 374 748 419 si
786 374 893 435 quis
929 374 1097 434 pudor.
1135 375 1198 420 ite
1235 376 1434 422 iuvenci.

903 495 1130 557 Corydon.

190 600 409 648 Muscosi
443 601 601 648 fontes
637 612 683 647 et
721 615 896 647 somno
932 600 1123 647 mollior
1160 600 1320 656 herba,

186 699 233 737 et
270 705 393 751 quae
428 705 515 737 vos
551 704 656 735 rara
691 689 849 734 viridis
885 689 1002 751 tegit
1039 690 1238 736 arbutus
1273 691 1460 747 umbra,

188 778 447 825 solstitium
484 778 646 839 pecori
683 777 951 834 defendite3
1001 778 1097 824 iarn
1134 779 1263 825 venit
1300 787 1457 825 aestas

189 867 382 924 torrida,
419 867 516 913 iarn
551 866 677 914 laeto
713 875 906 927 turgent
942 867 991 912 in
1027 867 1223 928 palmite
1260 883 1496 929 gemmae.

920 990 1126 1048 Wyrsz's.

190 1094 287 1141 Hic
321 1094 458 1141 focus
494 1103 540 1141 et
577 1094 745 1140 taedae
783 1095 1000 1155 pingues,
1036 1093 1112 1141 hic
1149 1095 1382 1156 plurimus
1419 1098 1541 1158 ignis

191 1199 382 1245 semper
418 1192 464 1230 et
501 1183 692 1230 assidua
728 1191 894 1244 postes
930 1182 1127 1244 fuligine
1163 1184 1315 1246 nigri3

189 1273 266 1319 hic
303 1280 491 1318 tantum
527 1271 711 1319 Boreae
748 1287 971 1318 curamus
1007 1271 1194 1332 frigora,
1235 1283 1469 1335 quantum

188 1370 271 1408 aut
308 1375 563 1407 numerum
600 1360 740 1421 lupus
778 1369 858 1406 aut
895 1362 1124 1408 torrentia
1159 1361 1360 1409 flumina
1396 1364 1534 1426 ripas

918 1482 1142 1545 Corydon.

193 1589 331 1635 Stant
368 1597 414 1634 et
449 1588 654 1649 iuniperi
679 1597 736 1634 et
772 1595 1025 1635 castaneae
1062 1589 1298 1647 hirsutae余

191 1685 339 1723 strata
375 1677 531 1723 iacent
567 1676 748 1738 passim
786 1691 873 1723 sua
908 1692 1129 1739 quaeque
1167 1680 1257 1726 sub
1293 1681 1464 1727 arbore
1501 1697 1677 1743 poma余

190 1768 355 1814 omnia
391 1781 519 1813 nunc
556 1767 739 1830 rident3
789 1775 836 1813 at
875 1767 914 1813 si
948 1766 1191 1814 formosus
1226 1769 1393 1816 Alexis

191 1856 437 1902 montibus
472 1855 546 1901 his
581 1855 736 1913 abeat,
777 1856 939 1902 videas
975 1866 1021 1902 et
1058 1856 1257 1904 flumina
1295 1859 1432 1905 sicca.

909 1979 1117 2041 ffyrsz's.

193 2082 313 2128 Aret
349 2097 490 2143 ager3
540 2082 654 2128 vitio
690 2083 902 2128 moriens
940 2083 1036 2129 sitit
1073 2085 1196 2130 ae'ris
1232 2085 1409 2144 herba余

194 2171 341 2219 Liber
376 2172 662 2233 pampineas
697 2172 865 2218 invidit
899 2173 1101 2219 collibus
1137 2175 1363 2221 umbras:

194 2260 422 2322 Phyllidis
458 2260 666 2306 adventu
702 2270 896 2308 nostrae
933 2276 1105 2308 nemus
1141 2276 1286 2309 omne
1323 2265 1505 2322 virebit,

197 2349 409 2410 Iuppiter
444 2357 490 2394 et
525 2348 652 2395 laeto
689 2349 947 2396 descendet
983 2350 1217 2412 plurimus
1253 2353 1408 2400 imbri.

912 2473 954 2521 C
955 2477 1136 2535 orydon.

200 2572 414 2634 Populus
449 2573 648 2621 Alcidae
685 2577 969 2637 gratissima,
1011 2579 1117 2624 vitis
1154 2579 1343 2637 Iaccho,

199 2659 439 2708 formosae
475 2672 659 2724 myrtus
695 2663 889 2721 Veneri,
927 2680 1013 2711 sua
1048 2666 1208 2714 laurea
1244 2667 1477 2727 Phoeb03

202 2747 379 2809 Phyllis
414 2761 543 2797 amat
578 2752 798 2813 corylos余
849 2753 950 2800 illas
987 2755 1101 2801 dum
1138 2756 1317 2817 Phyllis
1353 2758 1547 2814 amabit,

201 2851 290 2883 nec
327 2847 510 2899 myrtus
547 2841 699 2887 vincet
736 2842 926 2901 corylos
963 2859 1050 2890 nec
1087 2844 1247 2892 laurea
1285 2845 1482 2893 Phoebi.

1797 625 1848 662 45

1802 1208 1854 1248 50

1803 1793 1852 1831 55

1808 2365 1860 2404 60
