2022 3145
640 173 908 216 ECLOGA
957 170 1050 212 [ss.
1095 177 1232 228 ι35-(9
1247 182 1286 213 1.

837 307 1095 353 fisenalcas.

1728 175 1793 227 33

143 399 274 462 Quid
309 398 505 460 prodest
541 397 673 459 quod
709 413 787 443 me
824 398 924 458 ipse
961 397 1123 443 animo
1161 410 1260 441 non
1297 394 1495 455 spernis,
1537 393 1760 452 Amynta.

141 490 194 546 si,
232 487 347 535 dum
383 495 434 532 tu
471 487 665 533 sectaris
703 501 858 547 apros,
898 501 990 547 ego
1028 486 1145 532 retia
1182 484 1351 530 servo?

844 610 1106 657 Damoelas.

144 701 361 762 Phyllida
385 701 527 762 *mitte
564 699 710 745 mihi:
763 714 899 746 meus
937 708 1006 745 est
1043 697 1223 753 natalis,
1265 696 1413 751 Iolla;

145 804 256 837 cum
290 771 463 835 faci-am
500 788 642 834 vitula
679 803 766 848 pro
804 787 1031 846 frugibus,
1068 787 1168 847 ipse
1205 786 1376 832 venito.

850 909 1107 955 Illenalcas.

149 1000 367 1063 Phyllida
403 1015 516 1048 amo
554 1010 663 1046 ante
701 999 843 1046 alias:
896 1015 1010 1045 nam
1047 1015 1124 1046 me
1162 997 1404 1045 discedere
1443 995 1581 1043 flevit.

148 1099 195 1139 et
229 1090 430 1151 longum
469 1088 744 1146 ‘Formose,
784 1088 885 1134 vale
924 1087 1054 1144 vale,'
1094 1088 1260 1149 inquit,
1301 1086 1433 1132 Iolla.

849 1211 1110 1258 Damoetas.

152 1303 313 1351 Triste
348 1303 488 1364 lupus
526 1301 735 1356 stabulis,
775 1300 1226 1362 matu1·is,frugibus
1264 1300 1456 1354 imbres,

151 1392 408 1441 arboribus
444 1391 585 1447 venti,
624 1391 762 1437 nobis
799 1390 1110 1450 Amaryllidis
1146 1390 1257 1435 irae.

853 1511 1112 1560 Menalcas.

157 1605 311 1653 Dulce
349 1604 461 1651 satis
495 1617 651 1659 umor,
688 1602 896 1663 depulsis
933 1603 1131 1648 arbutus
1168 1601 1346 1648 haedis.

155 1695 284 1742 lenta
320 1693 439 1740 salix
474 1691 571 1738 feto
607 1691 784 1752 pecori.
824 1690 940 1736 mihi
979 1691 1107 1738 solus
1146 1690 1396 1750 Amyntas.

858 1814 1119 1860 Damoetas.

162 1905 316 1952 Pollio
354 1912 485 1951 amat
521 1914 749 1960 nostram,
789 1903 1006 1964 quamvis
1041 1912 1111 1949 est
1148 1903 1337 1959 rustica,
1377 1900 1599 1963 Musam:

162 1993 384 2050 Pierides,
422 1992 616 2039 vitulam
653 1991 818 2038 lectori
855 1992 1032 2052 pascite
1069 1999 1239 2038 vestro.

863 2114 1122 2162 Menalcas.

165 2207 316 2254 Pollio
353 2216 399 2253 et
434 2207 534 2267 ipse
571 2204 683 2252 facit
720 2219 843 2250 nova
881 2205 1125 2251 carmina:
1175 2204 1353 2265 pascite
1389 2212 1592 2250 taurum.

165 2297 260 2343 iam
297 2309 453 2343 cornu
487 2301 619 2355 petat
654 2302 700 2340 et
736 2293 939 2354 pedibus
976 2293 1056 2354 qui
1095 2300 1289 2354 spargat
1324 2292 1566 2337 harenam.

42 2388 117 2477 ‘js
866 2416 1127 2463 Damoetas.

169 2508 268 2568 Qui
303 2516 364 2565 te,
402 2507 569 2564 Pollio,
609 2517 750 2562 amat,
790 2507 947 2552 veniat
983 2521 1081 2567 quo
1118 2515 1164 2552 te
1202 2520 1398 2568 quoque
1434 2483 1638 2564 gaudet;

167 2598 311 2645 mella
346 2596 498 2643 fluant
533 2596 614 2653 illi,
650 2595 767 2642 ferat
805 2604 849 2641 et
888 2596 1034 2642 rubus
1069 2609 1205 2655 asper
1242 2607 1502 2640 amomum.

868 2716 1128 2764 MenalcaS.

172 2809 270 2868 Qui
306 2807 506 2856 Bavium
542 2823 643 2855 non
679 2807 796 2865 odit,
832 2815 962 2853 amet
998 2816 1079 2853 tua
1115 2807 1344 2863 carmina,
1386 2805 1559 2860 Maevi,

173 2906 317 2960 atque
354 2896 482 2945 idem
518 2898 684 2958 iungat
722 2896 885 2958 vulpes
921 2904 967 2942 et
1003 2895 1216 2957 mulgeat
1252 2895 1422 2942 hircos.

391 2995 406 3046 a
987 3000 1012 3032 c

1751 498 1796 537 75

1759 1303 1809 1340 80

1773 2824 1826 2864 90
