2022 3145
764 122 803 161 A
808 121 926 160 PPE
929 120 1096 160 NDIX
1137 121 1183 161 B.

349 255 418 294 Ad
447 253 592 293 salices
621 254 780 305 Aegon,
810 252 864 291 ad
892 251 1060 291 flumina
1088 250 1258 304 pulcher
1286 250 1515 302 Amyntas;

352 320 462 358 ‘Hic
491 319 617 371 gelidi
646 318 778 358 fontes
791 317 820 366 ¹,
850 318 918 357 hic
947 318 1054 356 illita
1082 317 1268 369 gramina
1297 328 1462 364 musc0;

351 384 435 424 Hic
463 384 649 436 Zephyri,
682 383 748 422 hic
777 382 959 434 placidas
987 381 1235 433 interstrepit
1263 381 1428 420 arbutus
1457 379 1612 419 undas.‘

350 450 438 489 Ista
467 455 617 489 canunt
646 448 780 496 surd0,
812 448 973 487 frutices
1002 460 1080 499 ego
1108 452 1250 486 nactus
1279 446 1456 485 abibam.

349 591 412 629 Ite
439 591 604 629 domum
635 588 814 640 impasti,
842 587 1006 626 domino
1035 587 1119 626 iam
1149 600 1232 626 non
1273 592 1402 634 vacat,
1434 586 1545 637 agni.

351 655 473 694 Venit
502 653 650 705 ²Hyas
679 654 927 705 Dryopeque
957 658 998 691 et
1026 651 1112 690 filia
1141 651 1331 690 Baucidis
1359 651 1505 702 Aegle,

352 720 487 759 Docta
515 719 660 758 modos
689 719 946 768 citharaeque
974 718 1119 765 sciens,
1152 717 1222 756 sed
1251 715 1411 768 perdita
1440 717 1557 755 fastu.

351 785 475 823 Venit
501 784 708 823 Idumanii
739 782 903 822 Chloris
933 782 1065 821 vicina
1094 782 1242 821 fluenti,

352 849 426 887 Nil
454 861 519 888 me
549 848 786 895 blanditiae,
814 847 872 885 nil
900 860 965 886 me
994 846 1168 886 solantia
1198 847 1333 893 verba,

348 914 423 953 Nil
451 926 517 953 me
547 914 580 952 si
609 913 707 965 quid
736 912 850 951 adest
878 918 1015 950 movet
1043 917 1113 950 aut
1142 924 1234 963 spes
1261 910 1347 949 ulla
1375 909 1509 948 futuri.

351 1054 448 1093 Heu
477 1054 566 1105 quis
593 1065 658 1091 me
686 1052 850 1103 ignotas
875 1051 996 1090 traxit
1024 1063 1152 1102 vagus
1180 1063 1289 1090 error
1316 1050 1358 1088 in
1387 1062 1479 1088 oras

353 1119 418 1158 Ire
446 1131 519 1170 per
546 1118 675 1157 aerias
703 1130 823 1168 rupes
852 1116 1086 1167 Alpemque
1112 1116 1328 1154 nivosam?

353 1182 512 1235 Ecquid
541 1188 625 1221 erat
655 1182 758 1221 tanti
787 1181 964 1219 Romam
993 1181 1141 1219 vidisse
1171 1180 1384 1231 sepultam,

353 1248 570 1299 (Quamvis
598 1247 672 1286 illa
701 1245 816 1293 foret,
846 1246 1010 1298 qualem
1038 1246 1137 1284 dum
1164 1246 1311 1284 viseret
1339 1244 1452 1291 olim,

353 1313 519 1364 Tityrus
547 1312 634 1364 ipse
663 1324 754 1350 suas
782 1317 822 1350 et
851 1323 946 1349 oves
975 1317 1013 1350 et
1041 1323 1133 1348 rura
1161 1310 1324 1361 reliquit
1336 1309 1395 1359 ³);

352 1378 410 1417 Ut
438 1383 478 1417 te
506 1383 591 1416 tam
621 1376 730 1415 dulci
760 1389 923 1428 possem
954 1376 1125 1415 caruisse
1155 1375 1328 1413 sodale?

351 1443 518 1481 Possem
547 1448 610 1481 tot
637 1440 765 1480 maria
793 1440 877 1480 alta
907 1446 967 1479 tot
996 1440 1251 1492 interponere
1279 1444 1450 1486 montes,

351 1507 435 1547 Tot
463 1507 586 1546 silvas
613 1511 676 1546 tot
704 1519 799 1546 saxa
827 1505 902 1545 tibi
931 1505 1156 1556 fluviosque
1185 1505 1397 1543 sonantes!

350 1572 422 1611 Ah
450 1578 557 1611 certe
585 1577 810 1610 extremum
837 1570 1018 1609 licuisset
1047 1576 1211 1621 tangere
1241 1569 1425 1607 dextram

354 1637 409 1676 Et
436 1637 537 1676 bene
566 1636 815 1686 compositos
843 1635 1006 1686 placide
1033 1633 1243 1673 morientis
1273 1632 1440 1680 ocellos,

353 1703 408 1741 Et
437 1702 601 1750 dixisse,
633 1700 788 1748 ‘Vale3
820 1701 946 1739 nostri
976 1711 1131 1738 memor
1159 1699 1239 1737 ibis
1269 1698 1321 1737 ad
1350 1694 1482 1737 astra.’

250 1852 352 1894 The
384 1864 523 1907 poem
555 1850 801 1894 concludes
825 1848 933 1892 with
957 1864 984 1891 a
1006 1849 1096 1891 fine
1129 1847 1410 1903 apostrophe
1432 1854 1480 1888 to
1502 1846 1580 1889 the
1603 1847 1701 1889 soul
1725 1844 1775 1888 of

190 1920 262 1964 his
302 1920 463 1974 friend,
497 1934 600 1963 now
633 1919 679 1962 in
714 1920 907 1972 heaven,
941 1917 1190 1973 suggested
1221 1917 1283 1972 by
1314 1916 1393 1959 the
1425 1914 1692 1971 apotheosis
1724 1914 1774 1957 of

193 1989 408 2045 Daphnis
431 1988 477 2032 in
497 1988 682 2044 Virgil’s
717 1988 841 2031 Fifth
872 1988 1090 2042 Eclogue,
1113 1987 1196 2030 but
1225 1984 1497 2040 containing
1529 1998 1555 2027 a
1588 1983 1767 2027 curious

190 2058 503 2103 intermixture
525 2058 576 2101 of
592 2058 753 2101 sacred
775 2056 868 2099 and
889 2070 1042 2112 pagan
1064 2055 1283 2110 imagery.

353 2184 415 2223 Ite
444 2182 589 2235 procul
617 2182 808 2221 lacrimae
824 2195 833 2228 ;
862 2194 1008 2232 purum
1037 2180 1136 2219 colit
1165 2178 1328 2219 aethera
1356 2180 1536 2222 Damon,

353 2248 531 2288 Aethera
559 2260 683 2300 purus
711 2246 847 2294 habet,
877 2246 1063 2298 pluvium
1093 2244 1196 2296 pede
1224 2244 1405 2296 reppulit
1434 2242 1623 2289 arcum⁴;

354 2314 620 2364 Heroumque
651 2312 809 2351 animas
836 2312 940 2351 inter
969 2310 1166 2361 divosque
1195 2322 1390 2361 perennes

353 2377 578 2417 Aether-eos
604 2376 742 2415 haurit
769 2376 910 2415 latices
938 2381 977 2414 et
1006 2375 1156 2426 gandia
1184 2380 1303 2426 potat

353 2443 435 2482 Ore
464 2455 588 2482 sacro.
647 2442 757 2492 Quin
785 2447 843 2489 tu,
873 2440 977 2480 caeli
1005 2445 1099 2491 post
1127 2441 1214 2478 iura
1242 2443 1417 2490 recepta,

353 2509 509 2547 Dexter
536 2507 644 2552 ades,
675 2506 942 2558 placidusque
969 2503 1085 2544 fave⁵
1116 2504 1345 2556 quicunque
1373 2503 1544 2549 vocaris,

355 2572 433 2612 Seu
462 2578 507 2612 tu
534 2577 672 2610 noster
700 2571 778 2610 eris
809 2570 988 2617 Damon,
1022 2570 1106 2609 sive
1134 2569 1301 2621 aequior
1330 2566 1446 2606 audis

652 2701 669 2722 q

299 2775 314 2797 ¹
343 2776 390 2815 E.
412 2789 451 2814 x.
472 2786 555 2851 42.¹
659 2829 667 2836 ι
860 2773 876 2795 2
903 2774 962 2812 lb.
989 2784 1132 2825 19—25.
1436 2769 1450 2792 ³
1481 2769 1528 2808 E.
1550 2769 1576 2808 i.
1601 2777 1663 2819 27.

575 2828 710 2870 ·G.1v.
737 2840 827 2879 233.
1208 2827 1224 2850 ⁵
1253 2826 1302 2865 E.
1322 2838 1359 2864 v,
1381 2823 1445 2875 65.

934 2909 964 2941 E
991 2909 1016 2939 2
1586 2897 1637 2949 67
