2018 3120
568 101 839 146 ECLOGA
881 102 935 145 r.>
965 94 1179 157 64—JJ.
1218 111 1302 164 34·
1705 107 1768 161 27

111 236 356 285 montibus
391 245 436 284 et
473 236 598 284 silvis
634 237 790 284 studio
826 237 1030 284 iactabat
1066 237 1230 283 inani:
1749 259 1771 299 5

178 323 253 372 ‘O
288 324 493 372 crudelis
530 325 681 382 Alexi,
719 325 834 371 nihil
869 341 977 372 mea
1013 325 1229 372 carmina
1264 326 1432 372 curas?

110 412 174 459 nil
211 413 362 460 nostri
398 413 658 460 miserere?
708 414 830 460 mori
866 429 944 460 me
980 413 1190 474 denique
1225 428 1386 474 cogeS.

109 500 255 547 Nunc
291 500 435 548 etiam
472 501 682 562 pecudes
718 502 911 548 umbras
947 511 994 548 et
1030 501 1208 562 frigora
1244 510 1462 562 captant;

108 604 238 636 nunc
274 589 444 637 virides
481 590 624 636 etiam
660 590 898 637 occultant
934 591 1118 651 spineta
1154 590 1367 646 lacertos,

109 676 353 738 Thestylis
388 685 434 724 et
469 677 636 739 rapido
673 677 808 725 fessis
844 678 1135 725 messoribus
1171 687 1305 724 aestu
1726 698 1774 743 ro

106 765 218 812 allia
250 765 606 828 serpyllumque
642 765 817 813 herbas
854 766 1105 813 contundit
1143 766 1344 814 olentes.

95 854 173 907 ,At
207 868 401 901 mecum
438 855 607 911 raucis,
644 863 727 900 tua
763 855 878 900 dum
916 855 1112 916 vestigia
1147 854 1311 912 lustro,

107 941 209 990 sole
244 943 336 990 sub
372 942 556 989 ardenti
591 951 820 989 resonant
856 943 1047 988 arbusta
1083 942 1269 989 cicadis.

108 1029 290 1078 Nonne
325 1029 412 1077 fuit
448 1031 593 1078 satius
628 1031 783 1077 tristes
818 1030 1124 1092 Amaryllidis
1161 1032 1253 1077 iras

105 1127 251 1181 atque
287 1119 494 1180 superba
530 1120 628 1180 pati
664 1118 887 1165 fastidia?
924 1133 1089 1165 nonne
1128 1118 1398 1176 Menalcan,
1726 1140 1771 1180 15

107 1207 324 1270 quamvis
359 1206 436 1253 ille
474 1207 624 1269 niger,
662 1207 880 1269 quamvis
918 1216 970 1253 tu
1007 1207 1239 1253 candidus
1275 1210 1436 1255 esses?

108 1294 154 1343 O
189 1295 400 1343 formose
436 1311 567 1357 puer,
605 1296 807 1342 nimium
845 1311 906 1343 ne
944 1296 1085 1343 crede
1121 1296 1271 1343 colori
1289 1312 1301 1353 ;

107 1384 217 1431 alba
252 1384 449 1449 ligustra
485 1384 677 1442 cadunt,
715 1385 928 1432 vaccinia
965 1386 1102 1446 nigra
1139 1385 1374 1446 leguntur.

106 1471 377 1534 Despectus
413 1474 498 1520 tibi
536 1489 655 1532 sum,
694 1489 784 1521 nec
823 1474 904 1535 qui
941 1474 1029 1520 sim
1066 1475 1268 1535 quaeris,
1305 1474 1459 1532 Alexi,

107 1577 254 1624 quam
290 1562 420 1609 dives
456 1563 661 1624 pecoris,
699 1563 822 1610 nivei
860 1578 1006 1625 quam
1043 1563 1175 1610 lactis
1211 1563 1494 1610 abundans:
1726 1585 1777 1612 20

105 1650 236 1698 mille
270 1667 409 1698 meae
447 1652 619 1699 Siculis
656 1660 816 1699 errant
851 1653 903 1697 in
939 1653 1186 1698 montibus
1223 1668 1379 1713 agnae
1399 1668 1410 1709 ;

106 1740 178 1787 lac
214 1739 330 1786 mihi
366 1755 467 1788 non
504 1748 682 1788 aestate
719 1756 912 1798 novum,
950 1756 1051 1787 non
1088 1741 1261 1802 frigore
1299 1741 1423 1788 defit.

107 1827 281 1887 Canto,
322 1844 447 1892 quae
485 1829 666 1886 solitus,
704 1830 742 1876 si
779 1829 976 1892 quando
1013 1839 1229 1876 armenta
1266 1833 1484 1890 vocabat,

106 1917 354 1980 Amphion
391 1917 626 1965 Dircaeus
664 1919 713 1964 in
750 1918 936 1966 Actaeo
972 1918 1269 1980 Aracyntho.

106 2004 213 2054 Nec
248 2021 356 2054 sum
392 2007 514 2055 adeo
551 2007 803 2055 informis:
849 2022 1001 2070 nuper
1037 2023 1115 2054 me
1152 2008 1202 2053 in
1238 2008 1376 2055 litore
1415 2009 1522 2067 vidi,
1725 2031 1771 2071 25

106 2110 218 2142 cum
251 2095 495 2158 placidum
530 2097 683 2144 ventis
721 2105 867 2144 staret
904 2112 1066 2154 mare3
1111 2112 1212 2143 non
1249 2112 1340 2159 ego
1378 2097 1625 2160 Daphnim

103 2183 261 2232 iudice
295 2193 341 2232 te
376 2193 603 2243 metuam,
642 2185 680 2232 si
716 2200 984 2247 numquam
1020 2184 1136 2231 fallit
1171 2185 1350 2247 imago.

107 2272 154 2321 O
188 2281 374 2321 tantum
408 2273 552 2322 libeat
587 2289 780 2322 mecum
816 2275 900 2321 tibi
939 2274 1133 2321 sordida
1169 2289 1280 2320 rura

105 2370 250 2423 atque
285 2362 489 2410 humiles
525 2363 740 2410 habitare
778 2379 926 2421 casas,
965 2372 1012 2410 et
1049 2363 1196 2424 figere
1233 2378 1412 2420 cervos,

105 2448 466 2513 haedorumque
504 2467 701 2514 gregem
737 2451 871 2498 viridi
908 2451 1197 2513 compellere
1235 2451 1447 2498 hibisco!
1721 2472 1773 2511 30

107 2537 307 2586 Mecum
342 2555 440 2586 una
475 2540 525 2586 in
562 2540 687 2588 silvis
721 2541 967 2588 imitabere
1003 2540 1138 2586 Pana
1174 2540 1411 2587 canendo.

105 2626 210 2674 Pan
244 2627 452 2689 primum
488 2629 699 2676 calamos
735 2645 843 2677 cera
878 2630 1173 2691 coniungere
1208 2629 1368 2691 plures

28 2759 35 2771 ,
104 2715 319 2773 instituit,
354 2716 459 2763 Pan
495 2726 629 2766 curat
664 2733 779 2766 oves
814 2719 1071 2781 oviumque
1107 2719 1377 2780 magistros.

106 2801 215 2851 Nec
249 2811 296 2853 te
330 2806 571 2867 paeniteat
605 2806 794 2855 calamo
829 2808 1011 2854 trivisse
1046 2806 1301 2855 labellum:
