2022 3145
211 142 277 193 50
855 133 1216 178 BUCOLJCA.

273 271 444 319 Ducite
480 272 541 318 ab
575 271 694 318 urbe
730 270 947 329 domum,
985 284 1095 316 mea
1129 269 1359 327 carmina,
1395 269 1552 317 ducite
1587 268 1850 346 Daphnim.

206 359 360 408 Necte
394 360 542 407 tribus
577 359 718 407 nodis
753 368 928 416 ternos,
964 357 1208 419 Amarylli,
1245 357 1457 415 colores3

207 458 359 505 necte,
395 448 640 510 Amarlei,
677 448 826 495 modo
862 456 908 495 et
947 446 1198 493 “Veneris
1216 447 1240 465 ’'
1278 446 1352 493 dic
1390 445 1623 493 “vincula
1656 443 1847 493 nect0.’'

206 536 381 584 Ducite
415 538 478 584 ab
512 538 628 584 urbe
664 537 877 594 domum,
916 550 1027 583 mea
1063 535 1291 592 carmina,
1330 533 1484 580 ducite
1519 532 1783 596 Daphnim.
1813 542 1866 580 80

206 625 377 673 Limus
412 634 464 672 ut
500 625 575 672 hic
612 625 833 683 durescit,
871 633 918 671 et
953 623 1073 671 haec
1108 633 1161 670 ut
1196 637 1307 670 cera
1341 621 1562 684 liquescit

205 729 306 761 uno
342 714 613 775 eodemque
647 714 760 775 igni,
798 713 864 759 sic
900 721 1070 760 nostro
1104 711 1328 773 Daphnis
1365 725 1546 758 amore.

209 801 392 863 Sparge
428 801 622 859 molam,
660 810 707 848 et
743 800 935 862 fragiles
970 799 1176 847 incende
1211 799 1450 846 bitumIne
1485 798 1663 845 laurus.

206 889 428 952 Daphnis
462 905 540 936 me
576 889 732 936 malus
766 890 874 948 urit,
914 904 1007 951 ego
1042 888 1166 935 hanc
1202 889 1251 934 in
1288 886 1547 949 Daphnide
1582 886 1786 934 laurum.

206 977 382 1025 Ducite
419 979 479 1024 ab
515 979 632 1025 urbe
668 978 884 1036 domum,
920 993 1030 1025 mea
1065 977 1294 1035 carmina,
1334 976 1493 1024 ducite
1529 974 1792 1038 Daphnim.
1814 985 1865 1034 85

208 1066 345 1114 Talis
379 1082 514 1114 amor
548 1066 810 1128 Daphnim,
847 1067 1003 1128 qualis
1039 1081 1150 1113 cum
1185 1066 1312 1113 fessa
1348 1065 1607 1112 iuvencum

206 1171 292 1217 per
327 1171 528 1203 nemora
562 1166 707 1218 atque
744 1156 868 1203 altos
904 1155 1183 1218 quaerendo
1219 1154 1395 1201 bucula
1429 1153 1568 1201 lucos

208 1253 404 1307 propter
439 1260 593 1308 aquae
630 1245 784 1292 rivum
819 1245 955 1292 viridi
991 1245 1263 1306 procumbit
1300 1244 1350 1290 in
1386 1242 1509 1300 ulva,

207 1333 405 1395 perdita,
443 1349 533 1381 nec
569 1348 702 1381 serae
739 1334 960 1381 meminit
997 1333 1228 1380 decedere
1265 1332 1412 1390 nocti,

205 1421 313 1470 talis
348 1437 484 1470 amor
518 1431 691 1479 teneat,
730 1438 819 1469 nec
856 1423 915 1469 sit
949 1422 1067 1468 mihi
1103 1437 1219 1468 cura
1254 1421 1449 1468 mederi.
1812 1437 1868 1480 90

275 1509 452 1558 Ducite
477 1512 537 1558 ab
562 1513 679 1558 urbe
707 1511 920 1568 domum,
948 1526 1058 1558 mea
1082 1510 1310 1568 carmina,
1337 1509 1497 1556 ducite
1522 1506 1785 1570 Daphnim.

209 1599 317 1646 Has
352 1600 467 1647 olim
503 1600 698 1646 exuvias
733 1599 850 1645 mihi
884 1599 1094 1661 perfidus
1129 1598 1205 1645 ille
1242 1598 1444 1659 reliquit,

210 1676 414 1750 pignora
449 1704 558 1736 cara
594 1690 695 1736 sui:
745 1704 869 1751 quae
905 1703 1035 1734 nunc
1072 1703 1165 1750 ego
1201 1687 1365 1734 limine
1402 1687 1452 1733 in
1487 1686 1609 1748 ipso,

210 1786 348 1835 terra,
384 1778 468 1824 tibi
503 1778 711 1836 mando;
761 1777 937 1825 debent
972 1777 1091 1824 haec
1125 1777 1333 1839 pignora
1366 1774 1628 1837 Daphnim.

278 1865 453 1914 Ducite
478 1868 538 1914 ab
563 1868 679 1914 urbe
705 1866 919 1924 domum,
938 1881 1048 1913 mea
1073 1866 1301 1923 carmina,
1320 1865 1478 1912 ducite
1503 1863 1766 1927 Daphnim.
1814 1883 1868 1925 95

213 1955 320 2003 Has
355 1955 528 2003 herbas
565 1965 710 2019 atque
747 1955 867 2004 haec
903 1955 1064 2004 Ponto
1099 1944 1218 2001 mihi
1253 1954 1376 2002 lecta
1410 1968 1598 2000 venena

210 2046 312 2107 ipse
349 2045 476 2092 dedit
512 2044 721 2103 Moeris;
770 2053 1033 2092 nascuntur
1067 2044 1272 2107 plurima
1307 2042 1494 2100 Ponto;

212 2134 286 2180 his
322 2148 413 2196 ego
451 2149 591 2195 saepe
627 2134 794 2196 lupum
830 2134 931 2181 fieri
965 2143 1013 2181 et
1049 2149 1100 2181 se
1136 2131 1346 2180 condere
1384 2131 1511 2178 silvis

215 2221 438 2281 Moerim,
475 2237 617 2284 saepe
653 2223 838 2269 animas
873 2222 981 2268 imis
1017 2222 1176 2268 excire
1214 2219 1443 2283 sepulcris

213 2321 357 2373 atque
394 2321 520 2358 satas
556 2311 649 2359 alio
684 2311 779 2357 vidi
813 2311 1060 2358 traducere
1095 2325 1293 2357 messes.
1792 2326 1871 2354 100

281 2400 456 2448 Ducite
491 2401 553 2447 ab
587 2401 702 2447 urbe
740 2399 955 2457 domum,
992 2414 1101 2446 mea
1134 2399 1363 2455 carmina,
1399 2397 1557 2445 ducite
1592 2394 1856 2458 Daphnim.

215 2489 307 2537 Fer
343 2490 543 2546 cinereS‚
577 2487 825 2550 Amarylli,
859 2488 986 2535 foras
1022 2488 1218 2549 rivoque
1252 2487 1419 2534 fluenti

215 2589 438 2641 transque
473 2587 615 2640 caput
649 2579 767 2635 iace,
804 2593 892 2624 nec
927 2577 1206 2638 respexeris.
1279 2575 1373 2646 His
1409 2590 1503 2638 ego
1538 2573 1787 2637 Daphnim

217 2668 492 2730 aggrediar3
540 2667 657 2713 nihil
691 2667 769 2713 ille
805 2666 935 2719 deos,
973 2665 1040 2711 nil
1076 2665 1290 2712 carmina
1325 2674 1473 2712 curat.

284 2754 457 2803 Ducite
483 2757 543 2802 ab
568 2757 684 2803 urbe
704 2755 919 2813 domum,
935 2769 1044 2802 mea
1067 2755 1293 2812 carmina,
1314 2754 1473 2803 ducite
1497 2753 1760 2818 Daphnim.
1793 2772 1867 2811 105

218 2844 420 2906 Aspice:
472 2845 700 2907 corripuit
736 2822 951 2892 tremulis
986 2843 1151 2912 altaria
1186 2843 1394 2890 flammis
