2018 3120
206 115 272 163 24
846 103 1204 149 BUCOLJCA.

205 241 358 304 Saepe
393 240 575 288 malum
611 239 704 288 hoc
740 239 896 298 nobis,
933 239 973 286 si
1008 253 1147 287 mens
1184 253 1284 286 non
1320 237 1456 286 laeva
1491 237 1670 297 fuisset,

202 331 261 379 de
298 330 431 378 eaelo
469 337 618 377 tactas
653 329 852 375 memini
888 327 1163 390 praedicere
1198 341 1419 390 quercus

204 418 300 467 Sed
334 427 498 466 tamen
533 419 621 465 iste
657 417 776 465 deus
811 417 894 479 qui
932 417 992 464 sit
1029 415 1104 474 da,
1141 414 1324 477 Tityre,
1361 414 1517 463 nobis.

929 546 1136 607 Iz'lyrus.

202 650 387 698 Urbem
423 663 572 713 quam
607 647 772 696 dicunt
808 646 1037 704 Romam,
1076 645 1334 704 Meliboee,
1371 646 1531 708 putavi

203 740 372 788 stultus
408 753 501 800 ego
538 737 649 785 huic
687 745 880 783 nostrae
916 735 1136 794 similem,
1177 749 1275 797 quo
1313 749 1458 796 saepe
1495 733 1704 782 solemus

199 837 416 893 pastores
452 827 614 875 ovium
649 835 842 874 teneros
877 824 1115 887 depellere
1151 823 1287 871 fetus.

206 919 283 967 Sic
321 918 522 965 canibus
559 915 744 963 catulos
781 913 971 972 simileS‚
1008 913 1075 962 sic
1111 913 1343 960 matribus
1380 911 1565 959 haedos

204 1022 388 1065 noram,
427 1006 494 1054 sic
531 1005 688 1068 parvis
725 1017 1023 1065 componere
1059 1016 1239 1064 magna
1275 1000 1508 1049 solebam.

204 1095 387 1144 Verum
423 1095 542 1143 haec
578 1101 765 1142 tantum
802 1092 916 1140 alias
951 1091 1073 1138 inter
1110 1098 1254 1153 caput
1291 1089 1456 1137 extulit
1491 1092 1651 1150 urbes,

204 1193 437 1248 quantum
473 1185 601 1232 lenta
638 1183 791 1231 solent
827 1183 948 1229 inter
984 1181 1188 1228 viburna
1224 1179 1458 1242 cupressi.

904 1304 1170 1353 Meliboeus.

205 1409 269 1458 Et
305 1425 426 1472 quae
465 1416 596 1456 tanta
633 1406 716 1454 fuit
754 1405 966 1454 Romam
1002 1405 1086 1452 tibi
1123 1418 1268 1452 causa
1304 1401 1525 1450 videndi?

941 1527 1146 1591 Tityrus.

151 1658 171 1699 χ
209 1633 442 1691 Libertas,
479 1648 604 1696 quae
643 1647 750 1680 sera
785 1641 947 1679 tamen
985 1628 1194 1691 respexit
1229 1628 1446 1685 inertem,

186 1722 458 1771 -candidior
493 1731 752 1784 postquam
788 1720 1008 1767 tondenti
1044 1719 1195 1766 barba
1230 1715 1462 1773 cadebat;

208 1812 414 1874 respexit
449 1819 612 1858 tamen
648 1819 694 1857 et
727 1809 876 1871 longo
912 1815 1022 1870 post
1049 1816 1264 1869 tempore
1300 1805 1444 1864 venit,

208 1910 468 1963 postquam
506 1915 596 1947 nos
631 1897 888 1961 Amaryllis
924 1897 1084 1955 habet,
1123 1895 1324 1945 Galatea
1359 1894 1562 1957 reliquit.

211 1991 452 2054 Namque,
490 1989 675 2037 fatebor
711 1988 856 2046 enim,
896 1987 1012 2035 dum
1047 2002 1126 2034 me
1164 1985 1368 2034 Galatea
1403 1984 1610 2042 tenebat,

210 2097 301 2129 nec
339 2096 451 2143 spes
486 2079 716 2127 libertatis
751 2086 851 2125 erat
885 2092 977 2125 nec
1015 2091 1128 2124 cura
1162 2073 1332 2138 peculi.

213 2169 448 2228 Quamvis
484 2168 634 2215 multa
669 2167 790 2215 meis
827 2167 978 2214 exiret
1012 2165 1205 2214 victima
1241 2163 1430 2225 saeptis,

212 2259 402 2323 pinguis
439 2267 486 2305 et
521 2257 738 2320 ingratae
773 2263 1070 2319 premeretur
1106 2267 1277 2302 caseus
1312 2251 1432 2308 urbi,

1811 753 1861 781 20

1816 1198 1863 1238 25

1818 1912 1869 1952 30

212 2363 314 2396 non
348 2361 581 2409 umquam
616 2346 773 2408 gravis
810 2359 916 2392 aere
953 2343 1154 2392 domum
1190 2340 1307 2387 mihi
1345 2340 1511 2387 dextra
1548 2337 1745 2386 redibat.
1822 2357 1870 2397 35

912 2474 1181 2522 Meliboeus.

217 2578 431 2626 Mirabar
467 2577 584 2642 quid
618 2586 802 2625 maesta
837 2575 969 2633 deOS,
1011 2572 1258 2635 Amarylli‚
1295 2584 1520 2628 vocares;

218 2669 293 2716 cui
328 2667 539 2730 pendere
575 2682 663 2715 sua
697 2666 926 2729 patereris
962 2665 1011 2711 in
1047 2664 1220 2711 arbore
1255 2676 1434 2724 poma:

220 2757 414 2819 Tityrus
450 2756 562 2803 hinc
597 2756 772 2803 aberat.
843 2753 986 2816 Ipsae
1021 2761 1081 2806 te,
1119 2751 1300 2813 Tityre,
1338 2751 1494 2813 pinus,

217 2846 307 2908 ipsi
337 2855 383 2893 te
418 2845 591 2904 fontes,
631 2845 735 2907 ipsa
769 2843 888 2891 haec
929 2843 1122 2890 arbusta
1156 2841 1408 2889 vocabant.
