2022 3145
198 156 263 221 36
626 167 630 177 ¹
848 157 1207 201 BUCOLJCA.

196 299 309 359 Ipsa
345 298 427 344 tibi
465 296 670 343 blandos
707 295 907 341 fundent
945 294 1184 341 cunabula
1221 294 1379 340 flores.

198 386 400 434 Occidet
438 394 483 432 et
522 400 735 446 serpens,
773 394 819 430 et
856 383 999 429 fallax
1037 383 1188 429 herba
1223 384 1396 429 veneni

197 474 381 522 occidet
401 491 412 531 3
468 474 720 534 Assyrium
757 472 902 534 vulgo
939 480 1163 518 nascetur
1199 486 1466 518 amomum.

198 565 259 609 At
299 562 440 619 simul
474 562 678 609 heroum
715 561 880 607 laudes
917 570 963 607 et
999 559 1125 606 facta
1160 561 1372 620 parentis

194 654 291 698 iam
327 652 487 713 legere
524 662 569 698 et
608 665 733 712 quae
771 650 829 696 sit
867 649 1047 710 poteris
1084 664 1382 710 cognoscere
1420 650 1583 697 virtus.

195 739 328 787 molli
365 739 595 801 paulatim
631 737 858 784 flavescet
896 752 1099 798 campus
1137 738 1295 794 arista,

193 828 482 889 incultisque
522 828 698 874 rubens
735 826 963 888 pendebit
1003 826 1219 872 sentibus
1256 842 1363 881 uva,

197 926 243 963 et
282 917 426 963 durae
465 931 671 978 quercus
709 915 951 962 sudabunt
989 915 1178 961 roscida
1214 914 1371 961 mella.

197 1006 358 1052 Pauca
396 1015 560 1052 tamen
599 1007 831 1051 suberunt
869 1005 1053 1064 priscae
1092 1004 1294 1065 vestigia
1331 1003 1525 1060 fraudis,

197 1110 321 1157 quae
358 1104 542 1141 tentare
581 1093 781 1140 Thetim
820 1093 1014 1150 ratibus,
1054 1107 1177 1154 quae
1215 1093 1409 1153 cingere
1446 1092 1599 1137 muris

197 1183 389 1246 oppida,
429 1199 551 1245 quae
589 1184 786 1229 iubeant
823 1182 979 1229 telluri
1015 1181 1250 1228 infindere
1287 1181 1460 1227 sulcos.

198 1272 334 1319 Alter
371 1273 458 1319 erit
495 1281 597 1319 turn
636 1272 839 1334 Tiphys,
880 1284 926 1318 et
964 1271 1113 1318 altera
1150 1286 1274 1332 quae
1310 1270 1451 1317 vehat
1491 1271 1625 1332 Argo

197 1361 410 1408 delectos
446 1361 646 1419 heroas3
693 1371 833 1408 erunt
871 1361 1018 1407 etiam
1055 1360 1202 1407 altera
1239 1360 1377 1416 bella,

196 1460 340 1512 atque
377 1451 550 1497 iterum
588 1451 649 1496 ad
685 1449 890 1497 Troiam
926 1464 1134 1510 magnus
1171 1449 1388 1495 mittetur
1426 1447 1651 1495 Achilles.

197 1537 345 1597 Hinc,
382 1539 465 1585 ubi
501 1539 598 1585 iam
636 1539 825 1585 firmata
861 1539 1017 1584 virum
1054 1548 1100 1584 te
1137 1538 1302 1585 fecerit
1339 1546 1486 1593 aetas,

197 1627 337 1686 cedet
373 1635 420 1674 et
455 1627 557 1688 ipse
594 1628 714 1674 mari
752 1636 930 1684 vector,
970 1642 1059 1673 nec
1098 1627 1291 1673 nautica
1328 1626 1472 1687 pinus

196 1716 401 1762 mutabit
438 1730 654 1763 merces:
711 1716 872 1762 omnis
908 1715 1027 1763 feret
1064 1717 1230 1762 omnia
1268 1715 1423 1762 tellus.

198 1803 316 1851 Non
353 1813 534 1852 rastros
570 1806 778 1866 patietur
814 1804 1006 1862 humus,
1044 1820 1146 1852 non
1183 1806 1324 1851 vinea
1360 1785 1563 1857 falcem;

199 1894 427 1940 robustus
464 1909 659 1956 quoque
696 1895 794 1940 iam
831 1894 980 1940 tauris
1016 1895 1129 1956 iuga
1167 1894 1317 1941 solvet
1354 1902 1542 1951 arator3

198 1997 290 2030 nec
327 1982 485 2030 varios
522 1982 673 2030 discet
710 1983 903 2029 mentiri
939 1983 1050 2029 lana
1087 1983 1291 2039 colores,

198 2072 301 2132 ipse
339 2071 424 2118 sed
459 2071 509 2116 in
544 2072 694 2132 pratis
731 2072 854 2118 aries
890 2072 987 2117 iam
1026 2086 1170 2118 suave
1209 2071 1398 2118 rubenti

197 2160 393 2216 murice,
430 2160 527 2206 iam
564 2175 741 2207 croceo
778 2161 985 2207 mutabit
1023 2160 1200 2207 vellera
1237 2160 1371 2217 luto;

200 2258 374 2311 sponte
411 2264 497 2296 sua
535 2249 721 2311 sandyx
758 2260 1015 2310 pascentes
1051 2249 1219 2296 vestiet
1257 2263 1426 2310 agnos.

202 2337 371 2385 ‘Talia
410 2337 596 2395 saecla,'
637 2339 735 2385 suis
773 2338 996 2385 dixerunt
1037 2335 1261 2384 ‘currite'
1298 2336 1416 2383 fusis

202 2426 472 2474 concordes
510 2426 666 2473 stabili
702 2426 913 2473 fatorum
950 2426 1149 2473 numine
1186 2424 1381 2472 Parcae.

202 2515 483 2577 Aggredere
520 2531 551 2562 o
587 2530 796 2578 magnos
835 2514 1009 2578 (aderit
1046 2516 1143 2562 iam
1181 2511 1396 2579 tempus)
1433 2515 1660 2572 honores,

203 2619 316 2651 cara
351 2603 497 2651 deum
534 2603 744 2661 suboles,
780 2619 1015 2666 magnum
1053 2602 1183 2651 Iovis
1218 2604 1588 2651 incrementum.

205 2692 384 2753 Aspice
420 2707 642 2739 convexo
679 2702 933 2740 nutantem
971 2692 1187 2754 pondere
1224 2692 1477 2749 mundum,
1519 2703 1523 2708 ·

202 2790 451 2843 terrasque
488 2790 765 2844 tractusque
802 2781 951 2828 maris
988 2781 1273 2844 caelumque
1310 2780 1605 2842 profundum

205 2869 365 2930 aspice
401 2876 604 2916 venturo
640 2869 878 2917 laetantur
912 2879 963 2916 ut
1002 2870 1166 2916 omnia
1205 2870 1378 2917 saeclo.

1818 933 1868 969 30

1820 1378 1867 1418 35

1819 1826 1873 1864 40

1823 2270 1873 2309 45
