2022 3145
215 133 282 186 30
859 124 1219 169 BUCOLJCA.

912 295 1174 344 lisenalcaS.

211 398 357 456 Tum,
394 399 552 457 credo,
589 415 700 447 cum
735 415 813 447 me
850 402 1101 447 arbustum
1137 400 1296 447 videre
1333 398 1544 448 Miconis

208 497 354 550 atque
388 488 517 535 mala
551 489 668 536 vites
703 489 915 537 incidere
951 488 1071 536 falce
1108 488 1336 537 novellas.

910 629 1171 677 Damoelas.

205 731 304 778 Aut
340 731 415 778 hic
451 731 513 778 ad
546 740 730 778 veteres
761 718 902 793 fagos
937 746 1049 778 cum
1086 730 1357 792 Daphnidis
1393 746 1559 778 arcum
1644 729 1814 790 ,my-(7
1839 780 1860 786 a

205 819 384 882 fregisti
421 828 467 867 et
502 820 743 867 calamos:
790 835 915 882 quae
951 828 1015 878 tu,
1052 835 1279 881 perverse
1316 819 1558 878 Menalca,

204 918 252 957 et
287 925 397 957 cum
434 909 588 956 vidisti
624 925 774 982 puerp
811 909 1005 967 donata,
1043 909 1256 967 dolebas,

201 1007 249 1046 et
287 999 324 1045 si
361 1014 461 1046 non
499 998 658 1061 aliqua
693 998 950 1056 nocuisses,
989 1007 1206 1046 mortuus
1243 1013 1387 1046 esses.

905 1139 1168 1186 Menalcas.

203 1239 338 1298 Quid
373 1240 557 1288 domini
593 1239 782 1298 faciant,
819 1240 999 1287 audent
1034 1256 1147 1288 cum
1182 1240 1295 1287 talia
1332 1241 1498 1287 fures?

204 1329 320 1377 Non
357 1345 449 1392 ego
485 1337 530 1376 te
565 1329 660 1375 vidi
696 1328 951 1387 Damonis,
988 1329 1213 1391 pessime,
1251 1344 1452 1391 caprum

200 1419 421 1480 excipere
458 1418 653 1476 insidiis,
690 1418 896 1465 multum
932 1418 1134 1465 latrante
1171 1417 1409 1480 Lycisca?

203 1516 250 1555 et
285 1523 396 1555 curn
431 1508 690 1555 clamarem
728 1507 874 1565 ‘Quo
910 1523 1039 1555 nunc
1077 1523 1127 1554 se
1164 1508 1363 1569 proripit
1401 1507 1509 1554 ille?

202 1597 384 1659 Tityre,
422 1612 543 1658 coge
579 1596 788 1659 pecus?'
828 1605 880 1643 tu
917 1605 1026 1659 post
1063 1604 1250 1643 carecta
1287 1596 1486 1643 latebas,

904 1738 1170 1786 Damoetas.

202 1840 282 1886 An
317 1839 434 1885 mihi
470 1838 710 1886 cantando
746 1839 896 1886 victus
932 1854 1036 1885 non
1072 1838 1295 1886 redderet
1331 1837 1408 1885 ille

199 1945 347 1992 quem
381 1944 491 1976 mea
527 1928 816 1975 carminibus
851 1928 1102 1975 meruisset
1138 1927 1296 1974 fistula
1332 1929 1565 1989 caprum?

203 2019 253 2066 Si
290 2020 459 2077 nescis,
498 2034 634 2066 meus
670 2019 746 2066 ille
782 2034 926 2081 caper
960 2018 1076 2076 fuit;
1119 2027 1166 2065 et
1202 2018 1320 2064 mihi
1355 2017 1554 2065 Damon

200 2109 304 2171 ipse
339 2108 600 2166 fatebatur;
651 2109 736 2155 sed
771 2108 970 2156 reddere
1007 2123 1151 2170 posse
1188 2108 1412 2169 negabat.

903 2248 1165 2296 Menalcas.

199 2349 458 2398 Cantando
494 2358 547 2397 tu
581 2349 746 2396 illum?
787 2356 868 2396 aut
902 2364 1136 2412 umquam
1172 2348 1257 2395 tibi
1294 2347 1452 2395 fistula
1488 2363 1599 2396 cera

201 2439 363 2487 iuncta
397 2439 516 2486 fuit?
565 2454 667 2503 non
702 2446 755 2485 tu
790 2439 840 2484 in
876 2438 1035 2496 triviis,
1071 2437 1281 2494 indocte,
1319 2437 1509 2484 solebas

199 2529 414 2576 stridenti
449 2529 679 2586 miserum
716 2527 889 2591 stipula
925 2527 1197 2590 disperdere
1233 2528 1462 2574 carmen?

896 2665 1159 2712 Damoetas.

201 2766 289 2813 Vis·
326 2781 442 2828 ergo
477 2766 599 2813 inter
635 2781 727 2813 nos
763 2766 880 2829 quid
915 2765 1067 2828 possit
1101 2774 1302 2827 uterque
1338 2764 1545 2811 vicissim

200 2855 537 2918 experiamur?
588 2870 680 2917 ego
716 2855 842 2902 hanc
881 2854 1078 2902 vitulam
1116 2851 1198 2919 (ne
1235 2854 1354 2902 forte
1390 2869 1596 2912 recuses,

1832 422 1882 450 10

1828 1019 1874 1058 Ῑ5

1827 1617 1875 1644 20

1822 2369 1870 2409 25
