2022 3145
218 141 285 202 50
527 144 883 190 BUCOLICA.
959 114 1235 191 ECLOGA„
1269 147 1332 191 X.
1360 152 1551 210 53-77-

217 277 359 326 malle
395 279 494 340 pati
530 281 798 343 tenerisque
834 296 971 330 meos
1007 282 1214 329 incidere
1253 297 1444 329 amores

219 367 497 414 arboribus:
551 378 767 417 crescent
802 369 923 428 illae,
964 370 1190 417 crescetis
1227 384 1436 417 amores.

218 454 410 502 Interea
444 456 607 503 mixtis
642 443 855 504 lustrabo
892 456 1119 505 Maenala
1156 456 1412 520 Nymphis,
1826 478 1875 518 55

216 551 298 589 aut
335 559 467 590 acres
502 546 715 592 venabor
750 560 908 607 apros.
979 544 1097 592 Non
1131 560 1210 592 me
1247 545 1342 592 ulla
1378 547 1609 593 vetabunt

215 629 394 692 frigora
430 631 714 679 Parthenios
751 634 948 680 canibus
984 633 1280 680 circumdare
1318 632 1479 680 saltus.

216 718 323 765 Iam
359 719 475 766 mihi
511 736 597 782 per
632 736 774 782 rupes
810 720 976 768 videor
1012 721 1245 784 lucosque
1282 730 1511 768 sonantes

215 807 297 866 ire,
337 807 450 855 libet
486 808 665 856 Partho
701 818 923 872 torquere
960 808 1183 872 Cydonia
1218 823 1369 856 cornu

213 896 407 957 spicula.
477 896 757 959 Tamquam
794 897 911 945 haec
948 898 1006 944 sit
1041 897 1194 945 nostri
1229 897 1468 944 medicina
1504 896 1692 956 furoris,
1822 904 1876 943 60

216 993 297 1031 aut
334 984 450 1032 deus
486 985 562 1033 ille
598 986 738 1033 malis
773 986 1027 1034 hominum
1063 987 1315 1034 mitescere
1354 986 1535 1033 discat!

213 1072 320 1120 Iam
355 1089 514 1136 neque
551 1074 920 1138 Hamadryades
956 1089 1120 1122 rursus
1155 1090 1313 1137 neque
1350 1074 1563 1122 carmina
1598 1075 1740 1122 nobis

213 1161 318 1223 ipsa
352 1161 543 1224 placent
562 1178 574 1222 ;
623 1163 756 1225 ipsae
792 1178 957 1210 rursus
993 1163 1240 1211 concedite
1278 1163 1436 1211 silvae.

213 1249 330 1298 Non
365 1250 498 1297 illum
534 1252 684 1298 nostri
720 1261 923 1313 possunt
959 1260 1146 1299 mutare
1181 1251 1403 1299 labores:

213 1354 302 1386 nec
339 1339 379 1386 si
413 1338 669 1402 frigoribus
705 1340 874 1387 mediis
911 1339 1232 1402 Hebrumque
1270 1341 1507 1399 bibamus,
1822 1346 1874 1398 65

214 1426 556 1491 Sithoniasque
591 1429 724 1476 nives
759 1428 931 1475 hiemis
969 1429 1228 1476 subeamus
1264 1443 1491 1490 aquosae,

212 1531 301 1564 nec
338 1517 391 1576 si,
430 1532 541 1564 curn
577 1519 789 1564 moriens
825 1517 921 1564 alta
956 1517 1076 1564 liber
1112 1525 1213 1564 aret
1249 1517 1299 1563 in
1335 1517 1484 1576 ulmo,

211 1604 510 1667 Aethiopum
546 1620 789 1652 versemus
826 1620 940 1652 oves
977 1606 1065 1651 sub
1103 1604 1258 1652 sidere
1295 1603 1487 1653 Cancri,

212 1692 393 1741 Omnia
428 1693 570 1740 vincit
606 1693 791 1741 Amor:
842 1702 888 1741 et
925 1708 1016 1741 nos
1052 1693 1283 1740 cedamus
1319 1692 1520 1741 Amori.'

279 1780 419 1829 Haec
455 1790 527 1828 sat
564 1783 663 1841 erit,
703 1782 853 1840 divae,
892 1791 1106 1829 vestrum
1142 1782 1372 1829 cecinisse
1408 1791 1622 1845 poetam,
1826 1801 1878 1843 70

213 1871 330 1918 dum
367 1871 499 1920 sedet
535 1880 582 1919 et
617 1871 780 1934 gracili
816 1871 1044 1919 fiscellam
1080 1871 1432 1942 texitghibisco,

213 1960 453 2008 Pierides:
503 1977 589 2009 vos
625 1961 743 2009 haec
779 1960 960 2008 facietis
996 1962 1210 2008 maxima
1249 1961 1406 2020 Gallo,

213 2047 369 2106 Gallo,
408 2050 543 2096 cuius
580 2065 718 2097 amor
751 2058 939 2097 tantum
975 2049 1094 2096 mihi
1129 2050 1298 2098 crescit
1334 2051 1384 2096 in
1419 2049 1578 2107 horas,

212 2146 445 2199 quantum
482 2153 590 2186 vere
626 2154 755 2186 novo
791 2138 951 2202 viridis
989 2154 1040 2185 se
1079 2139 1266 2185 subiicit
1303 2137 1454 2184 alnus.

215 2224 509 2289 Surgamus;
558 2226 678 2274 solet
714 2242 819 2274 esse
856 2213 1012 2288 gravis
1049 2227 1353 2273 cantantibus
1389 2227 1578 2284 umbra,
1826 2245 1873 2287 75

212 2315 415 2378 iuniperi
450 2315 607 2377 gravis
642 2316 828 2373 umbra,
868 2323 1044 2362 nocent
1081 2324 1127 2361 et
1162 2313 1379 2376 frugibus
1415 2315 1629 2362 umbrae.

213 2403 286 2452 Ite
323 2404 523 2452 domum
561 2412 763 2463 saturae,
803 2404 931 2450 venit
967 2402 1232 2465 Hesperus,
1273 2403 1336 2450 ite
1373 2403 1598 2465 capellae.
