2022 3145
198 109 262 177 38
842 111 1199 155 BUCOLJCA.

893 247 1154 294 Menalcas.

198 340 379 402 Incipe,
418 338 610 400 Mopse,
648 338 790 399 prior,
832 337 868 382 si
906 352 1031 397 quos
1069 345 1151 382 aut
1187 335 1416 396 Phyllidis
1451 336 1587 396 ignes

196 436 278 474 aut
314 427 514 475 Alconis
550 427 700 473 habes
736 425 904 471 laudes
942 434 1022 470 aut
1059 424 1213 486 iurgia
1252 423 1414 470 Codri.

195 517 393 578 Incipe,
441 523 695 577 pascentes
733 513 939 560 servabit
978 512 1178 574 Tityrus
1215 512 1411 558 haedos.

920 642 1133 704 Mopsus.

197 758 358 804 Immo
394 756 528 811 haec,
564 756 615 801 in
651 754 786 800 viridi
824 769 980 814 nuper
1016 768 1140 814 quae
1178 751 1358 799 cortice
1395 751 1489 813 fagi

196 845 412 892 carmina
448 843 680 905 descripsi
716 851 764 889 et
799 841 1057 889 modulans
1093 840 1278 887 alterna
1314 839 1491 895 notavi,

196 933 416 995 experiar
429 949 440 991 ;
491 941 542 979 tu
579 931 752 979 deinde
790 931 955 977 iubeto
992 939 1044 976 ut
1081 938 1231 976 certet
1267 929 1524 990 Amyntas.

891 1062 1152 1123 Menagcas.

196 1177 351 1224 Lenta
387 1175 506 1223 salix
543 1183 780 1236 quantum
817 1174 1013 1236 pallenti
1050 1173 1176 1220 cedit
1213 1172 1378 1229 olivae,

194 1266 412 1328 puniceis
447 1264 640 1310 humilis
676 1272 913 1325 quantum
949 1262 1163 1309 saliunca
1199 1260 1385 1317 rosetis,

194 1355 369 1401 iudicio
405 1361 574 1400 nostro
609 1361 798 1399 tantum
834 1352 919 1398 tibi
956 1351 1083 1398 cedit
1119 1352 1371 1411 Amyntas.

198 1443 292 1491 Sed
328 1452 379 1489 tu
415 1442 581 1489 desine
617 1441 767 1502 plura,
804 1455 954 1502 puer,
993 1439 1314 1486 successimus
1350 1445 1505 1483 antro.

885 1568 1097 1631 Mopsus.

196 1685 479 1730 Extinctum
517 1681 774 1744 Nymphae
811 1680 990 1727 crudeli
1026 1680 1193 1727 funere
1230 1679 1478 1741 Daphnim

196 1774 376 1820 flebant
414 1771 521 1833 (vos
556 1770 703 1832 coryli
739 1777 886 1816 testes
923 1777 970 1816 et
1007 1769 1208 1815 fiumina
1245 1766 1521 1830 Nymphis),

199 1877 309 1909 cum
346 1860 603 1923 complexa
641 1859 713 1905 sui
750 1873 929 1920 corpus
965 1858 1239 1905 miserabile
1277 1859 1376 1904 nati

197 1961 340 2013 atque
378 1951 496 1998 deos
532 1958 677 2010 atque
713 1957 839 1995 astra
875 1956 1015 1995 vocat
1051 1947 1261 1995 crudelia
1295 1956 1463 1993 mater.

200 2041 314 2089 Non
349 2040 430 2086 ulli
467 2047 634 2101 pastos
668 2038 758 2084 illis
794 2053 937 2100 egere
974 2037 1144 2083 diebus

1810 353 1859 382 10

1814 947 1859 986 15

1813 1697 1862 1723 20

197 2130 382 2192 frigida,
414 2127 626 2189 Daphni,
660 2128 809 2174 boves
846 2126 908 2172 ad
943 2125 1171 2184 flumina;
1220 2124 1350 2170 nulla
1386 2139 1542 2185 neque
1579 2137 1775 2170 amnem
1813 2143 1858 2182 25

198 2220 358 2266 libavit
394 2217 684 2280 quadrupes,
721 2231 810 2262 nec
847 2215 1079 2277 graminis
1116 2214 1272 2276 attigit
1309 2213 1523 2260 herbam.

199 2308 410 2370 Daphni,
447 2315 584 2353 tuum
622 2304 818 2352 Poenos
854 2304 1000 2351 etiam
1036 2303 1332 2365 ingemuisse
1368 2302 1535 2349 leones

198 2398 445 2444 interitum
480 2402 772 2456 montesque
809 2392 894 2439 feri
931 2392 1173 2453 silvaeque
1210 2392 1486 2454 loquuntur.

199 2487 422 2549 Daphnis
458 2494 505 2532 et
541 2484 800 2530 Armenias
837 2497 980 2529 curru
1017 2482 1307 2544 subiungere
1344 2481 1492 2542 tigres

198 2575 415 2631 instituit,
452 2573 675 2635 Daphnis
710 2571 891 2619 thiasos
927 2571 1154 2618 inducere
1191 2569 1369 2617 Bacchi

200 2673 247 2711 et
283 2663 407 2711 foliis
441 2662 597 2709 lentas
632 2662 847 2707 intexere
884 2659 1111 2707 mollibus
1148 2659 1323 2707 hastas.

201 2753 327 2799 Vitis
361 2760 414 2798 ut
450 2751 704 2798 arboribus
742 2749 906 2797 decori
943 2758 1030 2807 est,
1067 2757 1120 2794 ut
1156 2749 1331 2795 vitibus
1366 2738 1524 2802 uvae(

200 2851 251 2888 ut
289 2841 515 2903 gregibus
552 2839 689 2895 tauri,
726 2847 916 2900 segetes
951 2847 1004 2883 ut
1040 2837 1301 2898 pinguibus
1337 2836 1475 2891 arvis,

1814 2587 1863 2625 30
