2022 3145
206 127 280 180 54
855 115 1214 161 BUCOLJCA.

938 252 1136 301 Moeris.

204 367 385 415 Desine
420 365 571 429 plura,
610 381 745 430 puer,
785 373 832 412 et
867 365 1001 427 quod
1036 379 1165 411 nunc
1201 364 1345 410 instat
1382 378 1610 426 agamus:

204 456 418 503 carmina
454 463 557 503 tum
593 454 777 513 melius,
817 468 927 501 cum
963 453 1145 500 venerit
1179 453 1297 515 ipse,
1335 467 1577 500 canemus.

828 677 1125 722 ECLOGA
1176 676 1242 720 X.

946 817 1128 866 Gallus.

206 945 492 995 EXTREMUM
527 944 671 1003 hunc,
709 942 966 1002 Arethusa,
1003 943 1122 990 mihi
1158 941 1370 990 concede
1405 941 1634 989 laborem.

207 1037 369 1084 Pauca
403 1050 515 1082 meo
553 1033 710 1092 Gallo,
750 1033 835 1081 sed
870 1048 995 1096 quae
1031 1032 1161 1095 legat
1196 1032 1301 1094 ipsa
1338 1030 1554 1094 Lycoris,

207 1127 421 1175 carmina
457 1132 567 1172 sunt
603 1123 833 1171 dicenda:
888 1130 1033 1186 neget
1068 1122 1175 1185 quis
1211 1121 1426 1168 carmina
1464 1119 1643 1168 Gallo?

210 1215 288 1264 Sic
324 1215 423 1272 tibi,
459 1228 571 1262 cum
606 1212 781 1260 fluctus
816 1211 1144 1260 subterlabere
1183 1209 1398 1268 Sicanos,

208 1304 354 1352 Doris
391 1318 555 1350 amara
590 1316 728 1350 suam
763 1317 866 1348 non
900 1300 1222 1348 intermisceat
1257 1299 1465 1345 undam:

208 1393 390 1455 incipe;
442 1391 668 1439 sollicitos
705 1390 831 1438 Galli
867 1389 1083 1436 dicamus
1120 1403 1326 1445 amores,

210 1482 327 1529 dum
362 1488 527 1528 tenera
563 1479 816 1527 attondent
851 1478 1001 1525 simae
1036 1477 1241 1539 virgulta
1276 1475 1501 1539 capellae.

212 1569 329 1618 Non
365 1570 584 1616 canimus
620 1567 801 1626 surdis;
857 1566 1151 1629 respondent
1187 1565 1352 1613 omnia
1390 1564 1548 1612 silvae.

281 1658 420 1718 Quae
455 1672 658 1705 nemora
693 1664 775 1703 aut
811 1656 894 1719 qui
930 1671 1016 1703 vos
1053 1654 1201 1702 saltus
1237 1653 1466 1712 habuere,
1502 1652 1687 1716 puellae

212 1746 412 1806 Na'sdes,
448 1746 650 1808 indigno
684 1760 796 1793 curn
833 1743 1003 1792 Gallus
1039 1759 1205 1791 amore
1240 1743 1467 1806 peribat?

214 1837 344 1884 Nam
380 1850 538 1898 neque
574 1834 775 1881 Parnasi
810 1834 947 1881 vobis
983 1833 1110 1895 iuga,
1151 1847 1266 1879 nam
1301 1848 1460 1896 neque
1497 1830 1638 1879 Pindi

213 1924 309 1972 ulla
343 1938 533 1971 moram
567 1922 738 1979 fecere,
772 1937 932 1985 neque
966 1921 1126 1969 Aonie
1160 1920 1432 1983 Aganippe.

215 2015 358 2062 Illum
393 2014 538 2061 etiam
571 2012 706 2071 lauri,
745 2012 890 2060 etiam
924 2010 1104 2060 flevere>
1135 2011 1361 2073 myricae,

213 2101 386 2166 pinifer
420 2101 554 2148 illum
589 2102 735 2149 etiam
772 2100 876 2148 sola
911 2102 1001 2148 sub
1038 2116 1154 2163 rupe
1189 2100 1428 2147 iacentem

216 2189 473 2238 Maenalus
508 2198 556 2238 et
591 2189 735 2253 gelidi
770 2189 1004 2237 fleverunt
1040 2204 1157 2236 saxa
1191 2187 1381 2251 Lycaei.

218 2279 357 2327 Stant
392 2287 440 2327 et
474 2293 590 2326 oves
624 2278 805 2326 circum
840 2276 1015 2339 (nostri
1051 2293 1141 2326 nec
1175 2277 1387 2339 paenitet
1422 2275 1541 2334 illas,

217 2382 308 2415 nec
342 2375 389 2415 te
424 2366 666 2429 paeniteat
700 2366 903 2429 pecoris,
942 2366 1100 2413 divine
1135 2373 1280 2428 poeta
1299 2381 1312 2424 3

219 2464 267 2504 et
300 2456 541 2504 formosus
577 2470 692 2504 oves
727 2455 790 2502 ad
823 2454 1027 2502 fiumina
1060 2455 1191 2517 pavit
1226 2451 1436 2518 Adonis)
1464 2471 1475 2501 :

220 2544 349 2592 venit
384 2552 432 2592 et
466 2543 628 2606 upilio,
667 2543 792 2591 tardi
827 2559 1001 2592 venere
1039 2542 1237 2602 subulci,

222 2632 393 2680 uvidus
427 2631 631 2680 hiberna
665 2632 794 2680 venit
829 2631 888 2679 de
924 2631 1100 2695 glande
1137 2630 1403 2680 Menalcas.

225 2719 411 2769 Omnes
449 2721 605 2769 ‘unde
640 2735 778 2768 amor
813 2720 925 2769 iste'
964 2728 1138 2784 rogant
1175 2721 1289 2767 ‘tibi
1310 2718 1354 2769 ?'
1425 2718 1575 2767 Venit
1608 2718 1814 2784 Apollo:

227 2807 409 2868 ‘Galle,
447 2810 563 2874 quid
597 2809 840 2858 insanis?’
888 2809 1059 2874 inquit,
1102 2812 1211 2857 ‘tua
1245 2824 1359 2857 cura
1395 2808 1596 2871 Lycoris

1829 1762 1876 1790 10

1828 2208 1877 2249 Ῐ5

1833 2653 1881 2682 20
