2022 3145
582 178 851 223 ECLOGA
893 179 991 221 III.
1033 179 1262 239 92—IV.
1305 186 1384 221 22.

841 337 1110 382 Palaemon.

153 437 268 485 Non
303 448 523 486 nostrum
561 440 684 486 inter
719 454 808 485 vos
843 447 1000 485 tantas
1037 452 1332 498 componere
1368 437 1486 483 lites.

151 525 214 573 Et
248 527 394 574 vitula
427 536 478 573 tu
515 527 688 588 dignus
725 537 770 574 et
806 527 912 585 hic;
962 536 1008 574 et
1045 527 1262 588 quisquis
1298 540 1490 571 amores

150 623 231 662 aut
265 624 445 662 metuet
482 616 658 673 dulces,
701 625 780 662 aut
816 616 1089 676 experietur
1125 629 1330 661 amaros.

151 703 372 751 Claudite
409 704 506 750 iam
542 704 680 761 rivos,
717 704 879 765 pueri:
933 713 1003 750 sat
1039 712 1174 764 prata
1210 704 1445 749 biberunt.

402 876 441 899 Vs

749 901 1075 945 ECLOGA
1124 902 1217 943 IV.

155 1021 406 1070 SICELIDES
441 1021 631 1079 Musae,
673 1022 818 1083 paulo
855 1022 1040 1075 maiora
1077 1023 1336 1081 canamus!

152 1111 270 1158 Non
305 1126 476 1158 omnes
512 1113 709 1158 arbusta
746 1111 908 1157 iuvant
944 1111 1245 1172 humilesque
1282 1111 1521 1171 myricae;

152 1200 191 1247 si
228 1200 450 1247 canimus
485 1200 641 1257 silvas,
679 1199 821 1246 silvae
861 1200 954 1246 sint
991 1200 1189 1246 consule
1227 1200 1414 1260 dignae.

221 1287 404 1335 Ultima
439 1288 644 1336 Cumaei
681 1289 809 1335 venit
846 1289 942 1334 iam
981 1289 1208 1334 carminis
1246 1297 1402 1344 aetas;

150 1391 358 1439 magnus
392 1378 453 1424 ab
488 1378 678 1440 integro
716 1377 983 1425 saeclorum
1021 1378 1234 1423 nascitur
1270 1377 1403 1423 ordo.

153 1465 258 1512 Iam
295 1466 416 1513 redit
450 1474 496 1514 et
532 1466 683 1528 virgo,
722 1467 923 1513 redeunt
963 1465 1187 1512 Saturnia
1224 1481 1398 1527 regna;

152 1555 249 1601 iam
284 1569 410 1602 nova
444 1556 704 1617 progenies
740 1555 876 1602 caelo
913 1555 1178 1602 demittitur
1214 1555 1325 1601 alto.

154 1642 236 1689 Tu
271 1644 421 1690 modo
457 1644 675 1690 nascenti
711 1658 879 1705 puero,
917 1658 1016 1704 quo
1051 1643 1204 1690 ferrea
1239 1644 1450 1705 primurn

153 1731 338 1779 desinet
374 1747 430 1778 ac
460 1740 564 1778 toto
601 1741 764 1793 surget
799 1747 920 1792 gens
957 1747 1103 1778 aurea
1138 1733 1337 1788 mundo,

153 1828 288 1867 casta
322 1819 426 1868 fave
463 1819 676 1867 Lucina:
728 1829 837 1866 tuus
874 1820 971 1866 iam
1009 1830 1178 1881 regnat
1214 1820 1405 1882 Apollo.

153 1907 327 1970 Teque
364 1908 487 1955 adeo
524 1909 670 1954 decus
706 1908 800 1954 hoc
838 1909 954 1965 aevi,
993 1918 1038 1955 te
1076 1909 1274 1956 consule
1310 1909 1459 1965 inibit,

151 1996 321 2053 Pollio,
358 2005 406 2044 et
441 1997 675 2058 incipient
711 1997 876 2058 magni
913 1997 1175 2058 procedere
1213 2012 1430 2054 menses;

151 2094 198 2132 te
234 2085 368 2142 duce,
409 2086 448 2132 si
484 2082 814 2147 qua'manent
852 2085 1041 2132 sceleris
1077 2086 1276 2147 vestigia
1312 2085 1476 2140 nostri,

150 2173 284 2220 irrita
318 2182 551 2235 perpetua
587 2173 774 2220 solvent
810 2172 1067 2220 formidine
1106 2184 1270 2221 terras.

152 2259 239 2309 Ille
275 2261 420 2308 deum
455 2262 604 2308 vitam
641 2262 843 2331 accipiet
880 2262 1094 2324 divisque
1131 2263 1309 2309 videbit

153 2349 421 2411 permixtos
456 2349 646 2407 heroas,
683 2358 731 2396 et
767 2350 869 2411 ipse
906 2351 1144 2397 videbitur
1178 2351 1282 2408 illis,

152 2446 476 2500 pacatumque
513 2448 648 2500 reget
685 2439 850 2500 patriis
886 2439 1136 2486 virtutibus
1174 2441 1357 2486 orbem.

151 2525 220 2572 At
255 2526 340 2572 tibi
376 2527 544 2588 prima,
581 2542 716 2588 puer,
754 2527 887 2574 nullo
924 2529 1209 2574 munuscula
1246 2528 1376 2575 cultu

154 2622 368 2661 errantes
403 2614 606 2662 hederas
643 2616 824 2677 passim
862 2632 972 2663 cum
1009 2618 1212 2673 baccare
1249 2616 1386 2663 tellus

152 2703 403 2764 mixtaque
440 2703 610 2750 ridenti
646 2704 888 2752 colocasia
923 2705 1090 2753 fundet
1127 2705 1348 2752 acantho.

157 2791 298 2854 Ipsae
333 2791 455 2838 lacte
490 2792 691 2840 domum
728 2793 933 2841 referent
969 2794 1175 2840 distenta
1211 2793 1421 2855 capellae

158 2881 324 2937 ubera,
356 2895 446 2927 nec
482 2894 690 2942 magnos
726 2891 944 2929 metuent
982 2891 1200 2929 armenta
1237 2882 1411 2929 leones.

944 2987 968 3018 c
1000 2987 1021 3016 2

1737 633 1810 659 110

1768 1835 1814 1861 10

1768 2721 1816 2747 20
