<?xml version="1.0" encoding="UTF-8"?>
<!DOCTYPE html PUBLIC "-//W3C//DTD XHTML 1.0 Transitional//EN"
    "http://www.w3.org/TR/xhtml1/DTD/xhtml1-transitional.dtd">
<html xmlns="http://www.w3.org/1999/xhtml" xml:lang="en" lang="en">
 <head>
  <title>
</title>
<meta http-equiv="Content-Type" content="text/html;charset=utf-8" />
  <meta name='ocr-system' content='tesseract 3.04.00' />
  <meta name='ocr-capabilities' content='ocr_page ocr_carea ocr_par ocr_line ocrx_word'/>
</head>
<body>
  <div class='ocr_page' id='page_1' title='image "./bucolics00virguoft_0044.png"; bbox 0 0 2022 3145; ppageno 0'>
   <div class='ocr_carea' id='block_1_1' title="bbox 200 119 1208 172">
    <p class='ocr_par' dir='ltr' id='par_1_1' title="bbox 200 119 1208 172">
     <span class='ocr_line' id='line_1_1' title="bbox 200 119 1208 172; baseline 0.005 -14"><span class='ocrx_word' id='word_1_1' title='bbox 200 126 269 172; x_wconf 54' lang='grc' dir='ltr'>,ῳ</span> <span class='ocrx_word' id='word_1_2' title='bbox 850 119 1208 163; x_wconf 80' lang='lat' dir='ltr'><em>BUCOLICA.</em></span> 
     </span>
    </p>
   </div>
   <div class='ocr_carea' id='block_1_2' title="bbox 192 251 1636 1827">
    <p class='ocr_par' dir='ltr' id='par_1_2' title="bbox 200 251 1389 317">
     <span class='ocr_line' id='line_1_2' title="bbox 200 251 1389 317; baseline 0.007 -20"><span class='ocrx_word' id='word_1_3' title='bbox 200 251 305 299; x_wconf 76' lang='lat' dir='ltr'>Nec</span> <span class='ocrx_word' id='word_1_4' title='bbox 342 252 483 313; x_wconf 88' lang='lat' dir='ltr'>lupus</span> <span class='ocrx_word' id='word_1_5' title='bbox 520 252 716 300; x_wconf 83' lang='lat' dir='ltr'>insidias</span> <span class='ocrx_word' id='word_1_6' title='bbox 755 257 917 314; x_wconf 87' lang='lat' dir='ltr'>pecori</span> <span class='ocrx_word' id='word_1_7' title='bbox 956 271 1045 302; x_wconf 91' lang='lat' dir='ltr'>nec</span> <span class='ocrx_word' id='word_1_8' title='bbox 1084 258 1202 303; x_wconf 90' lang='lat' dir='ltr'>retia</span> <span class='ocrx_word' id='word_1_9' title='bbox 1238 260 1389 317; x_wconf 82' lang='lat' dir='ltr'>cervis</span> 
     </span>
    </p>

    <p class='ocr_par' dir='ltr' id='par_1_3' title="bbox 196 339 1626 488">
     <span class='ocr_line' id='line_1_3' title="bbox 198 339 1626 409; baseline 0.008 -25"><span class='ocrx_word' id='word_1_10' title='bbox 198 339 292 386; x_wconf 87' lang='lat' dir='ltr'>ulla</span> <span class='ocrx_word' id='word_1_11' title='bbox 328 340 492 386; x_wconf 92' lang='lat' dir='ltr'>dolum</span> <span class='ocrx_word' id='word_1_12' title='bbox 529 340 850 399; x_wconf 88' lang='lat' dir='ltr'>meditantur;</span> <span class='ocrx_word' id='word_1_13' title='bbox 891 353 1020 389; x_wconf 90' lang='lat' dir='ltr'>amat</span> <span class='ocrx_word' id='word_1_14' title='bbox 1057 345 1216 392; x_wconf 92' lang='lat' dir='ltr'>bonus</span> <span class='ocrx_word' id='word_1_15' title='bbox 1253 347 1351 393; x_wconf 85' lang='lat' dir='ltr'>otia</span> <span class='ocrx_word' id='word_1_16' title='bbox 1388 347 1626 409; x_wconf 76' lang='lat' dir='ltr'>Daphnis,</span> 
     </span>
     <span class='ocr_line' id='line_1_4' title="bbox 196 428 1194 488; baseline 0.007 -16"><span class='ocrx_word' id='word_1_17' title='bbox 196 428 293 488; x_wconf 82' lang='lat' dir='ltr'>Ipsi</span> <span class='ocrx_word' id='word_1_18' title='bbox 330 428 508 475; x_wconf 89' lang='lat' dir='ltr'>laetitia</span> <span class='ocrx_word' id='word_1_19' title='bbox 543 444 687 476; x_wconf 90' lang='lat' dir='ltr'>voces</span> <span class='ocrx_word' id='word_1_20' title='bbox 723 430 784 475; x_wconf 87' lang='lat' dir='ltr'>ad</span> <span class='ocrx_word' id='word_1_21' title='bbox 822 431 977 477; x_wconf 86' lang='lat' dir='ltr'>sidera</span> <span class='ocrx_word' id='word_1_22' title='bbox 1013 433 1194 479; x_wconf 87' lang='lat' dir='ltr'>iactant</span> 
     </span>
    </p>

    <p class='ocr_par' dir='ltr' id='par_1_4' title="bbox 196 517 1380 584">
     <span class='ocr_line' id='line_1_5' title="bbox 196 517 1380 584; baseline 0.007 -23"><span class='ocrx_word' id='word_1_23' title='bbox 196 517 374 563; x_wconf 88' lang='lat' dir='ltr'>intonsi</span> <span class='ocrx_word' id='word_1_24' title='bbox 410 526 628 572; x_wconf 86' lang='lat' dir='ltr'>montes;</span> <span class='ocrx_word' id='word_1_25' title='bbox 667 519 798 580; x_wconf 83' lang='lat' dir='ltr'>ipsae</span> <span class='ocrx_word' id='word_1_26' title='bbox 834 520 930 565; x_wconf 90' lang='lat' dir='ltr'>iam</span> <span class='ocrx_word' id='word_1_27' title='bbox 969 523 1186 568; x_wconf 89' lang='lat' dir='ltr'>carmina</span> <span class='ocrx_word' id='word_1_28' title='bbox 1224 538 1380 584; x_wconf 75' lang='lat' dir='ltr'>rupes,</span> 
     </span>
    </p>

    <p class='ocr_par' dir='ltr' id='par_1_5' title="bbox 195 606 1563 1028">
     <span class='ocr_line' id='line_1_6' title="bbox 196 606 1563 669; baseline 0.008 -20"><span class='ocrx_word' id='word_1_29' title='bbox 196 606 298 665; x_wconf 86' lang='lat' dir='ltr'>ipsa</span> <span class='ocrx_word' id='word_1_30' title='bbox 334 615 509 653; x_wconf 88' lang='lat' dir='ltr'>sonant</span> <span class='ocrx_word' id='word_1_31' title='bbox 547 608 767 654; x_wconf 85' lang='lat' dir='ltr'>arbusta:</span> <span class='ocrx_word' id='word_1_32' title='bbox 808 607 983 668; x_wconf 85' lang='lat' dir='ltr'>‘Deus,</span> <span class='ocrx_word' id='word_1_33' title='bbox 1024 610 1142 658; x_wconf 91' lang='lat' dir='ltr'>deus</span> <span class='ocrx_word' id='word_1_34' title='bbox 1178 611 1269 669; x_wconf 90' lang='lat' dir='ltr'>ille,</span> <span class='ocrx_word' id='word_1_35' title='bbox 1308 611 1563 660; x_wconf 89' lang='lat' dir='ltr'>Menalca.⁷</span> 
     </span>
     <span class='ocr_line' id='line_1_7' title="bbox 199 692 1496 761; baseline 0.008 -23"><span class='ocrx_word' id='word_1_36' title='bbox 199 692 272 738; x_wconf 88' lang='lat' dir='ltr'>Sis</span> <span class='ocrx_word' id='word_1_37' title='bbox 309 694 466 740; x_wconf 87' lang='lat' dir='ltr'>bonus</span> <span class='ocrx_word' id='word_1_38' title='bbox 505 710 534 741; x_wconf 95' lang='lat' dir='ltr'>o</span> <span class='ocrx_word' id='word_1_39' title='bbox 571 694 780 757; x_wconf 77' lang='lat' dir='ltr'>felixque</span> <span class='ocrx_word' id='word_1_40' title='bbox 819 698 941 743; x_wconf 89' lang='lat' dir='ltr'>tuis!</span> <span class='ocrx_word' id='word_1_41' title='bbox 993 715 1053 744; x_wconf 92' lang='lat' dir='ltr'>en</span> <span class='ocrx_word' id='word_1_42' title='bbox 1091 708 1326 761; x_wconf 77' lang='lat' dir='ltr'>quattuor·</span> <span class='ocrx_word' id='word_1_43' title='bbox 1359 717 1496 749; x_wconf 90' lang='lat' dir='ltr'>aras:</span> 
     </span>
     <span class='ocr_line' id='line_1_8' title="bbox 195 776 1467 846; baseline 0.006 -18"><span class='ocrx_word' id='word_1_44' title='bbox 195 797 311 828; x_wconf 90' lang='lat' dir='ltr'>ecce</span> <span class='ocrx_word' id='word_1_45' title='bbox 349 781 467 828; x_wconf 89' lang='lat' dir='ltr'>duas</span> <span class='ocrx_word' id='word_1_46' title='bbox 505 783 603 840; x_wconf 87' lang='lat' dir='ltr'>tibi,</span> <span class='ocrx_word' id='word_1_47' title='bbox 640 776 853 846; x_wconf 82' lang='lat' dir='ltr'>Daphni,</span> <span class='ocrx_word' id='word_1_48' title='bbox 893 786 1011 833; x_wconf 90' lang='lat' dir='ltr'>duas</span> <span class='ocrx_word' id='word_1_49' title='bbox 1048 787 1214 835; x_wconf 88' lang='lat' dir='ltr'>altaria</span> <span class='ocrx_word' id='word_1_50' title='bbox 1251 788 1467 836; x_wconf 90' lang='lat' dir='ltr'>Phoebo.</span> 
     </span>
     <span class='ocr_line' id='line_1_9' title="bbox 196 870 1462 939; baseline 0.008 -24"><span class='ocrx_word' id='word_1_51' title='bbox 196 870 377 917; x_wconf 91' lang='lat' dir='ltr'>Pocula</span> <span class='ocrx_word' id='word_1_52' title='bbox 413 871 525 918; x_wconf 90' lang='lat' dir='ltr'>bina</span> <span class='ocrx_word' id='word_1_53' title='bbox 562 887 690 920; x_wconf 88' lang='lat' dir='ltr'>novo</span> <span class='ocrx_word' id='word_1_54' title='bbox 728 876 1003 935; x_wconf 80' lang='lat' dir='ltr'>spumantia</span> <span class='ocrx_word' id='word_1_55' title='bbox 1040 876 1162 923; x_wconf 91' lang='lat' dir='ltr'>lacte</span> <span class='ocrx_word' id='word_1_56' title='bbox 1201 880 1462 939; x_wconf 86' lang='lat' dir='ltr'>quotannis</span> 
     </span>
     <span class='ocr_line' id='line_1_10' title="bbox 195 961 1418 1028; baseline 0.007 -23"><span class='ocrx_word' id='word_1_57' title='bbox 195 969 502 1021; x_wconf 82' lang='lat' dir='ltr'>craterasque</span> <span class='ocrx_word' id='word_1_58' title='bbox 541 961 639 1008; x_wconf 93' lang='lat' dir='ltr'>duo</span> <span class='ocrx_word' id='word_1_59' title='bbox 677 972 885 1009; x_wconf 91' lang='lat' dir='ltr'>statuam</span> <span class='ocrx_word' id='word_1_60' title='bbox 924 964 1007 1009; x_wconf 88' lang='lat' dir='ltr'>tibi</span> <span class='ocrx_word' id='word_1_61' title='bbox 1046 966 1238 1028; x_wconf 83' lang='lat' dir='ltr'>pinguis</span> <span class='ocrx_word' id='word_1_62' title='bbox 1276 967 1418 1025; x_wconf 86' lang='lat' dir='ltr'>olivi;</span> 
     </span>
    </p>

    <p class='ocr_par' dir='ltr' id='par_1_6' title="bbox 195 1048 1470 1114">
     <span class='ocr_line' id='line_1_11' title="bbox 195 1048 1470 1114; baseline 0.008 -20"><span class='ocrx_word' id='word_1_63' title='bbox 195 1057 240 1094; x_wconf 89' lang='lat' dir='ltr'>et</span> <span class='ocrx_word' id='word_1_64' title='bbox 277 1048 431 1096; x_wconf 90' lang='lat' dir='ltr'>multo</span> <span class='ocrx_word' id='word_1_65' title='bbox 467 1049 516 1094; x_wconf 93' lang='lat' dir='ltr'>in</span> <span class='ocrx_word' id='word_1_66' title='bbox 553 1050 720 1111; x_wconf 91' lang='lat' dir='ltr'>primis</span> <span class='ocrx_word' id='word_1_67' title='bbox 757 1051 966 1099; x_wconf 84' lang='lat' dir='ltr'>hilarans</span> <span class='ocrx_word' id='word_1_68' title='bbox 1004 1054 1220 1101; x_wconf 86' lang='lat' dir='ltr'>convivia</span> <span class='ocrx_word' id='word_1_69' title='bbox 1258 1055 1470 1114; x_wconf 88' lang='lat' dir='ltr'>Baccho,</span> 
     </span>
    </p>

    <p class='ocr_par' dir='ltr' id='par_1_7' title="bbox 194 1137 1535 1472">
     <span class='ocr_line' id='line_1_12' title="bbox 195 1137 1535 1204; baseline 0.007 -21"><span class='ocrx_word' id='word_1_70' title='bbox 195 1146 305 1183; x_wconf 89' lang='lat' dir='ltr'>ante</span> <span class='ocrx_word' id='word_1_71' title='bbox 342 1137 521 1196; x_wconf 81' lang='lat' dir='ltr'>focum,</span> <span class='ocrx_word' id='word_1_72' title='bbox 560 1139 597 1184; x_wconf 92' lang='lat' dir='ltr'>si</span> <span class='ocrx_word' id='word_1_73' title='bbox 635 1139 784 1202; x_wconf 82' lang='lat' dir='ltr'>frigus</span> <span class='ocrx_word' id='word_1_74' title='bbox 821 1142 922 1199; x_wconf 85' lang='lat' dir='ltr'>erit,</span> <span class='ocrx_word' id='word_1_75' title='bbox 962 1143 999 1189; x_wconf 89' lang='lat' dir='ltr'>si</span> <span class='ocrx_word' id='word_1_76' title='bbox 1037 1145 1221 1202; x_wconf 85' lang='lat' dir='ltr'>messis,</span> <span class='ocrx_word' id='word_1_77' title='bbox 1260 1146 1310 1191; x_wconf 93' lang='lat' dir='ltr'>in</span> <span class='ocrx_word' id='word_1_78' title='bbox 1346 1147 1535 1204; x_wconf 90' lang='lat' dir='ltr'>umbra,</span> 
     </span>
     <span class='ocr_line' id='line_1_13' title="bbox 194 1226 1436 1281; baseline 0.009 -11"><span class='ocrx_word' id='word_1_79' title='bbox 194 1226 303 1272; x_wconf 90' lang='lat' dir='ltr'>vina</span> <span class='ocrx_word' id='word_1_80' title='bbox 339 1241 520 1273; x_wconf 86' lang='lat' dir='ltr'>novum</span> <span class='ocrx_word' id='word_1_81' title='bbox 557 1227 755 1274; x_wconf 89' lang='lat' dir='ltr'>fundam</span> <span class='ocrx_word' id='word_1_82' title='bbox 794 1230 993 1278; x_wconf 83' lang='lat' dir='ltr'>calathis</span> <span class='ocrx_word' id='word_1_83' title='bbox 1031 1233 1221 1280; x_wconf 85' lang='lat' dir='ltr'>Ariusia</span> <span class='ocrx_word' id='word_1_84' title='bbox 1257 1246 1436 1281; x_wconf 86' lang='lat' dir='ltr'>nectar.</span> 
     </span>
     <span class='ocr_line' id='line_1_14' title="bbox 196 1314 1492 1385; baseline 0.008 -25"><span class='ocrx_word' id='word_1_85' title='bbox 196 1314 475 1362; x_wconf 91' lang='lat' dir='ltr'>Cantabunt</span> <span class='ocrx_word' id='word_1_86' title='bbox 513 1316 628 1362; x_wconf 91' lang='lat' dir='ltr'>mihi</span> <span class='ocrx_word' id='word_1_87' title='bbox 665 1317 932 1366; x_wconf 88' lang='lat' dir='ltr'>Damoetas</span> <span class='ocrx_word' id='word_1_88' title='bbox 968 1331 1014 1367; x_wconf 91' lang='lat' dir='ltr'>et</span> <span class='ocrx_word' id='word_1_89' title='bbox 1052 1320 1251 1383; x_wconf 84' lang='lat' dir='ltr'>Lyctius</span> <span class='ocrx_word' id='word_1_90' title='bbox 1289 1321 1492 1385; x_wconf 85' lang='lat' dir='ltr'>Aegon:</span> 
     </span>
     <span class='ocr_line' id='line_1_15' title="bbox 194 1404 1364 1472; baseline 0.007 -21"><span class='ocrx_word' id='word_1_91' title='bbox 194 1404 422 1452; x_wconf 83' lang='lat' dir='ltr'>saltantes</span> <span class='ocrx_word' id='word_1_92' title='bbox 462 1405 658 1467; x_wconf 81' lang='lat' dir='ltr'>Satyros</span> <span class='ocrx_word' id='word_1_93' title='bbox 695 1407 960 1455; x_wconf 84' lang='lat' dir='ltr'>imitabitur</span> <span class='ocrx_word' id='word_1_94' title='bbox 997 1410 1364 1472; x_wconf 87' lang='lat' dir='ltr'>Alphesiboeus.</span> 
     </span>
    </p>

    <p class='ocr_par' dir='ltr' id='par_1_8' title="bbox 192 1493 1636 1827">
     <span class='ocr_line' id='line_1_16' title="bbox 196 1493 1548 1557; baseline 0.006 -17"><span class='ocrx_word' id='word_1_95' title='bbox 196 1493 333 1540; x_wconf 92' lang='lat' dir='ltr'>Haec</span> <span class='ocrx_word' id='word_1_96' title='bbox 372 1494 457 1540; x_wconf 89' lang='lat' dir='ltr'>tibi</span> <span class='ocrx_word' id='word_1_97' title='bbox 495 1510 687 1557; x_wconf 86' lang='lat' dir='ltr'>semper</span> <span class='ocrx_word' id='word_1_98' title='bbox 724 1506 877 1554; x_wconf 89' lang='lat' dir='ltr'>erunt,</span> <span class='ocrx_word' id='word_1_99' title='bbox 916 1507 961 1545; x_wconf 89' lang='lat' dir='ltr'>et</span> <span class='ocrx_word' id='word_1_100' title='bbox 1000 1514 1111 1545; x_wconf 93' lang='lat' dir='ltr'>cum</span> <span class='ocrx_word' id='word_1_101' title='bbox 1150 1500 1400 1547; x_wconf 87' lang='lat' dir='ltr'>sollemnia</span> <span class='ocrx_word' id='word_1_102' title='bbox 1438 1510 1548 1548; x_wconf 88' lang='lat' dir='ltr'>vota</span> 
     </span>
     <span class='ocr_line' id='line_1_17' title="bbox 194 1582 1522 1652; baseline 0.006 -24"><span class='ocrx_word' id='word_1_103' title='bbox 194 1583 451 1629; x_wconf 90' lang='lat' dir='ltr'>reddemus</span> <span class='ocrx_word' id='word_1_104' title='bbox 488 1582 744 1646; x_wconf 82' lang='lat' dir='ltr'>Nymphis,</span> <span class='ocrx_word' id='word_1_105' title='bbox 782 1595 829 1632; x_wconf 92' lang='lat' dir='ltr'>et</span> <span class='ocrx_word' id='word_1_106' title='bbox 867 1602 978 1633; x_wconf 90' lang='lat' dir='ltr'>cum</span> <span class='ocrx_word' id='word_1_107' title='bbox 1015 1588 1326 1636; x_wconf 90' lang='lat' dir='ltr'>lustrabimus</span> <span class='ocrx_word' id='word_1_108' title='bbox 1363 1605 1522 1652; x_wconf 84' lang='lat' dir='ltr'>agros.</span> 
     </span>
     <span class='ocr_line' id='line_1_18' title="bbox 192 1671 1636 1740; baseline 0.007 -24"><span class='ocrx_word' id='word_1_109' title='bbox 192 1671 326 1717; x_wconf 91' lang='lat' dir='ltr'>Dum</span> <span class='ocrx_word' id='word_1_110' title='bbox 362 1672 475 1733; x_wconf 85' lang='lat' dir='ltr'>iuga</span> <span class='ocrx_word' id='word_1_111' title='bbox 510 1674 692 1720; x_wconf 89' lang='lat' dir='ltr'>montis</span> <span class='ocrx_word' id='word_1_112' title='bbox 730 1690 858 1736; x_wconf 85' lang='lat' dir='ltr'>aper,</span> <span class='ocrx_word' id='word_1_113' title='bbox 896 1676 1066 1724; x_wconf 88' lang='lat' dir='ltr'>fluvios</span> <span class='ocrx_word' id='word_1_114' title='bbox 1105 1678 1222 1724; x_wconf 93' lang='lat' dir='ltr'>dum</span> <span class='ocrx_word' id='word_1_115' title='bbox 1258 1679 1404 1740; x_wconf 89' lang='lat' dir='ltr'>piscis</span> <span class='ocrx_word' id='word_1_116' title='bbox 1441 1680 1636 1736; x_wconf 89' lang='lat' dir='ltr'>amabit,</span> 
     </span>
     <span class='ocr_line' id='line_1_19' title="bbox 193 1760 1621 1827; baseline 0.008 -22"><span class='ocrx_word' id='word_1_117' title='bbox 193 1760 405 1821; x_wconf 92' lang='lat' dir='ltr'>dumque</span> <span class='ocrx_word' id='word_1_118' title='bbox 441 1760 610 1822; x_wconf 91' lang='lat' dir='ltr'>thymo</span> <span class='ocrx_word' id='word_1_119' title='bbox 646 1773 907 1823; x_wconf 86' lang='lat' dir='ltr'>pascentur</span> <span class='ocrx_word' id='word_1_120' title='bbox 943 1781 1072 1827; x_wconf 83' lang='lat' dir='ltr'>apes,</span> <span class='ocrx_word' id='word_1_121' title='bbox 1112 1767 1228 1813; x_wconf 93' lang='lat' dir='ltr'>dum</span> <span class='ocrx_word' id='word_1_122' title='bbox 1266 1783 1374 1815; x_wconf 89' lang='lat' dir='ltr'>rore</span> <span class='ocrx_word' id='word_1_123' title='bbox 1412 1769 1621 1826; x_wconf 78' lang='lat' dir='ltr'>cleadae,</span> 
     </span>
    </p>
   </div>
   <div class='ocr_carea' id='block_1_3' title="bbox 192 1849 1686 1918">
    <p class='ocr_par' dir='ltr' id='par_1_9' title="bbox 192 1849 1686 1918">
     <span class='ocr_line' id='line_1_20' title="bbox 192 1849 1686 1918; baseline 0.005 -22"><span class='ocrx_word' id='word_1_124' title='bbox 192 1864 383 1911; x_wconf 87' lang='lat' dir='ltr'>semper</span> <span class='ocrx_word' id='word_1_125' title='bbox 419 1849 576 1898; x_wconf 92' lang='lat' dir='ltr'>honos</span> <span class='ocrx_word' id='word_1_126' title='bbox 615 1867 894 1914; x_wconf 90' lang='lat' dir='ltr'>nomenque</span> <span class='ocrx_word' id='word_1_127' title='bbox 931 1863 1067 1900; x_wconf 91' lang='lat' dir='ltr'>tuum</span> <span class='ocrx_word' id='word_1_128' title='bbox 1105 1855 1368 1918; x_wconf 85' lang='lat' dir='ltr'>laudesque</span> <span class='ocrx_word' id='word_1_129' title='bbox 1404 1858 1686 1904; x_wconf 88' lang='lat' dir='ltr'>manebunt.</span> 
     </span>
    </p>
   </div>
   <div class='ocr_carea' id='block_1_4' title="bbox 193 1937 1484 2096">
    <p class='ocr_par' dir='ltr' id='par_1_10' title="bbox 193 1937 1484 2096">
     <span class='ocr_line' id='line_1_21' title="bbox 193 1937 1484 2007; baseline 0.006 -23"><span class='ocrx_word' id='word_1_130' title='bbox 193 1937 260 1984; x_wconf 91' lang='lat' dir='ltr'>Ut</span> <span class='ocrx_word' id='word_1_131' title='bbox 296 1937 495 1986; x_wconf 89' lang='lat' dir='ltr'>Baccho</span> <span class='ocrx_word' id='word_1_132' title='bbox 534 1938 808 2002; x_wconf 88' lang='lat' dir='ltr'>Cererique,</span> <span class='ocrx_word' id='word_1_133' title='bbox 846 1943 933 1989; x_wconf 87' lang='lat' dir='ltr'>tibi</span> <span class='ocrx_word' id='word_1_134' title='bbox 971 1944 1036 1991; x_wconf 90' lang='lat' dir='ltr'>sic</span> <span class='ocrx_word' id='word_1_135' title='bbox 1075 1955 1185 1992; x_wconf 91' lang='lat' dir='ltr'>vota</span> <span class='ocrx_word' id='word_1_136' title='bbox 1222 1947 1484 2007; x_wconf 89' lang='lat' dir='ltr'>quotannis</span> 
     </span>
     <span class='ocr_line' id='line_1_22' title="bbox 195 2027 1462 2096; baseline 0.003 -21"><span class='ocrx_word' id='word_1_137' title='bbox 195 2027 434 2090; x_wconf 87' lang='lat' dir='ltr'>agricolae</span> <span class='ocrx_word' id='word_1_138' title='bbox 471 2028 675 2087; x_wconf 77' lang='lat' dir='ltr'>facient3</span> <span class='ocrx_word' id='word_1_139' title='bbox 714 2030 967 2079; x_wconf 86' lang='lat' dir='ltr'>damnabis</span> <span class='ocrx_word' id='word_1_140' title='bbox 1005 2042 1056 2079; x_wconf 90' lang='lat' dir='ltr'>tu</span> <span class='ocrx_word' id='word_1_141' title='bbox 1093 2049 1289 2096; x_wconf 89' lang='lat' dir='ltr'>quoque</span> <span class='ocrx_word' id='word_1_142' title='bbox 1326 2036 1462 2081; x_wconf 89' lang='lat' dir='ltr'>votis.</span> 
     </span>
    </p>
   </div>
   <div class='ocr_carea' id='block_1_5' title="bbox 192 2133 1571 2538">
    <p class='ocr_par' dir='ltr' id='par_1_11' title="bbox 192 2133 1571 2538">
     <span class='ocr_line' id='line_1_23' title="bbox 918 2133 1133 2195; baseline 0.014 -16"><span class='ocrx_word' id='word_1_143' title='bbox 918 2133 1133 2195; x_wconf 72' lang='lat' dir='ltr'>lllopsus.</span> 
     </span>
     <span class='ocr_line' id='line_1_24' title="bbox 192 2215 1571 2284; baseline 0.007 -22"><span class='ocrx_word' id='word_1_144' title='bbox 192 2215 332 2275; x_wconf 87' lang='lat' dir='ltr'>Quae</span> <span class='ocrx_word' id='word_1_145' title='bbox 369 2218 470 2277; x_wconf 88' lang='lat' dir='ltr'>tibi,</span> <span class='ocrx_word' id='word_1_146' title='bbox 509 2234 633 2280; x_wconf 90' lang='lat' dir='ltr'>quae</span> <span class='ocrx_word' id='word_1_147' title='bbox 671 2220 751 2266; x_wconf 91' lang='lat' dir='ltr'>tali</span> <span class='ocrx_word' id='word_1_148' title='bbox 789 2222 989 2268; x_wconf 91' lang='lat' dir='ltr'>reddam</span> <span class='ocrx_word' id='word_1_149' title='bbox 1026 2239 1117 2284; x_wconf 88' lang='lat' dir='ltr'>pro</span> <span class='ocrx_word' id='word_1_150' title='bbox 1154 2225 1367 2271; x_wconf 89' lang='lat' dir='ltr'>carmine</span> <span class='ocrx_word' id='word_1_151' title='bbox 1405 2225 1571 2272; x_wconf 91' lang='lat' dir='ltr'>dona?</span> 
     </span>
     <span class='ocr_line' id='line_1_25' title="bbox 193 2303 1512 2368; baseline 0.007 -17"><span class='ocrx_word' id='word_1_152' title='bbox 193 2303 323 2352; x_wconf 91' lang='lat' dir='ltr'>Nam</span> <span class='ocrx_word' id='word_1_153' title='bbox 359 2321 517 2368; x_wconf 92' lang='lat' dir='ltr'>neque</span> <span class='ocrx_word' id='word_1_154' title='bbox 553 2322 631 2354; x_wconf 89' lang='lat' dir='ltr'>me</span> <span class='ocrx_word' id='word_1_155' title='bbox 669 2318 857 2355; x_wconf 90' lang='lat' dir='ltr'>tantum</span> <span class='ocrx_word' id='word_1_156' title='bbox 894 2312 1128 2359; x_wconf 85' lang='lat' dir='ltr'>venientis</span> <span class='ocrx_word' id='word_1_157' title='bbox 1165 2313 1329 2359; x_wconf 90' lang='lat' dir='ltr'>sibilus</span> <span class='ocrx_word' id='word_1_158' title='bbox 1366 2315 1512 2360; x_wconf 87' lang='lat' dir='ltr'>austri</span> 
     </span>
     <span class='ocr_line' id='line_1_26' title="bbox 194 2397 1548 2464; baseline 0.007 -25"><span class='ocrx_word' id='word_1_159' title='bbox 194 2409 282 2441; x_wconf 91' lang='lat' dir='ltr'>nec</span> <span class='ocrx_word' id='word_1_160' title='bbox 320 2410 548 2456; x_wconf 90' lang='lat' dir='ltr'>percussa</span> <span class='ocrx_word' id='word_1_161' title='bbox 585 2397 747 2444; x_wconf 88' lang='lat' dir='ltr'>iuvant</span> <span class='ocrx_word' id='word_1_162' title='bbox 783 2398 933 2445; x_wconf 91' lang='lat' dir='ltr'>fluctu</span> <span class='ocrx_word' id='word_1_163' title='bbox 970 2410 1069 2446; x_wconf 90' lang='lat' dir='ltr'>tam</span> <span class='ocrx_word' id='word_1_164' title='bbox 1107 2401 1259 2458; x_wconf 82' lang='lat' dir='ltr'>litora,</span> <span class='ocrx_word' id='word_1_165' title='bbox 1298 2418 1387 2449; x_wconf 91' lang='lat' dir='ltr'>nec</span> <span class='ocrx_word' id='word_1_166' title='bbox 1425 2417 1548 2464; x_wconf 87' lang='lat' dir='ltr'>quae</span> 
     </span>
     <span class='ocr_line' id='line_1_27' title="bbox 192 2485 1276 2538; baseline 0.007 -9"><span class='ocrx_word' id='word_1_167' title='bbox 192 2497 391 2531; x_wconf 84' lang='lat' dir='ltr'>saxosas</span> <span class='ocrx_word' id='word_1_168' title='bbox 426 2485 552 2532; x_wconf 92' lang='lat' dir='ltr'>inter</span> <span class='ocrx_word' id='word_1_169' title='bbox 587 2485 848 2534; x_wconf 89' lang='lat' dir='ltr'>decurrunt</span> <span class='ocrx_word' id='word_1_170' title='bbox 884 2488 1083 2536; x_wconf 90' lang='lat' dir='ltr'>flumina</span> <span class='ocrx_word' id='word_1_171' title='bbox 1119 2491 1276 2538; x_wconf 85' lang='lat' dir='ltr'>valles.</span> 
     </span>
    </p>
   </div>
   <div class='ocr_carea' id='block_1_6' title="bbox 190 2599 1603 2931">
    <p class='ocr_par' dir='ltr' id='par_1_12' title="bbox 190 2599 1603 2931">
     <span class='ocr_line' id='line_1_28' title="bbox 894 2599 1153 2648; baseline 0.008 -2"><span class='ocrx_word' id='word_1_172' title='bbox 894 2599 1153 2648; x_wconf 78' lang='lat' dir='ltr'>Menalcas.</span> 
     </span>
     <span class='ocr_line' id='line_1_29' title="bbox 199 2683 1390 2749; baseline 0.008 -19"><span class='ocrx_word' id='word_1_173' title='bbox 199 2684 310 2731; x_wconf 88' lang='lat' dir='ltr'>Hac</span> <span class='ocrx_word' id='word_1_174' title='bbox 347 2693 393 2732; x_wconf 91' lang='lat' dir='ltr'>te</span> <span class='ocrx_word' id='word_1_175' title='bbox 430 2700 520 2732; x_wconf 92' lang='lat' dir='ltr'>nos</span> <span class='ocrx_word' id='word_1_176' title='bbox 556 2685 708 2749; x_wconf 82' lang='lat' dir='ltr'>fragili</span> <span class='ocrx_word' id='word_1_177' title='bbox 744 2683 1037 2737; x_wconf 74' lang='lat' dir='ltr'>donabimus</span> <span class='ocrx_word' id='word_1_178' title='bbox 1073 2699 1184 2738; x_wconf 89' lang='lat' dir='ltr'>ante</span> <span class='ocrx_word' id='word_1_179' title='bbox 1221 2692 1390 2739; x_wconf 86' lang='lat' dir='ltr'>cicuta.</span> 
     </span>
     <span class='ocr_line' id='line_1_30' title="bbox 195 2773 1584 2840; baseline 0.005 -21"><span class='ocrx_word' id='word_1_180' title='bbox 195 2773 336 2820; x_wconf 82' lang='lat' dir='ltr'>Haec</span> <span class='ocrx_word' id='word_1_181' title='bbox 372 2789 464 2820; x_wconf 90' lang='lat' dir='ltr'>nos</span> <span class='ocrx_word' id='word_1_182' title='bbox 501 2775 823 2823; x_wconf 87' lang='lat' dir='ltr'>‘Formosum</span> <span class='ocrx_word' id='word_1_183' title='bbox 860 2777 1093 2840; x_wconf 87' lang='lat' dir='ltr'>Corydon</span> <span class='ocrx_word' id='word_1_184' title='bbox 1129 2779 1327 2827; x_wconf 90' lang='lat' dir='ltr'>ardebat</span> <span class='ocrx_word' id='word_1_185' title='bbox 1361 2780 1584 2838; x_wconf 74' lang='lat' dir='ltr'>Alexim‚&#39;</span> 
     </span>
     <span class='ocr_line' id='line_1_31' title="bbox 190 2863 1603 2931; baseline 0.006 -22"><span class='ocrx_word' id='word_1_186' title='bbox 190 2863 307 2910; x_wconf 90' lang='lat' dir='ltr'>haec</span> <span class='ocrx_word' id='word_1_187' title='bbox 345 2864 516 2911; x_wconf 87' lang='lat' dir='ltr'>eadem</span> <span class='ocrx_word' id='word_1_188' title='bbox 553 2865 716 2913; x_wconf 90' lang='lat' dir='ltr'>docuit</span> <span class='ocrx_word' id='word_1_189' title='bbox 753 2867 958 2915; x_wconf 90' lang='lat' dir='ltr'>‘Cuium</span> <span class='ocrx_word' id='word_1_190' title='bbox 993 2872 1175 2931; x_wconf 91' lang='lat' dir='ltr'>pecus?</span> <span class='ocrx_word' id='word_1_191' title='bbox 1209 2885 1271 2917; x_wconf 92' lang='lat' dir='ltr'>an</span> <span class='ocrx_word' id='word_1_192' title='bbox 1310 2868 1603 2918; x_wconf 90' lang='lat' dir='ltr'>Meliboei?&#39;</span> 
     </span>
    </p>
   </div>
   <div class='ocr_carea' id='block_1_7' title="bbox 1805 236 1904 309">
    <p class='ocr_par' dir='ltr' id='par_1_13' title="bbox 1805 236 1904 309">
     <span class='ocr_line' id='line_1_32' title="bbox 1805 236 1904 309; baseline -0.01 0"><span class='ocrx_word' id='word_1_193' title='bbox 1805 236 1904 309; x_wconf 50' lang='lat'>60¹</span> 
     </span>
    </p>
   </div>
   <div class='ocr_carea' id='block_1_8' title="bbox 1806 2046 1856 2083">
    <p class='ocr_par' dir='ltr' id='par_1_14' title="bbox 1806 2046 1856 2083">
     <span class='ocr_line' id='line_1_33' title="bbox 1806 2046 1856 2083; baseline 0.02 -1"><span class='ocrx_word' id='word_1_194' title='bbox 1806 2046 1856 2083; x_wconf 88' lang='lat' dir='ltr'>So</span> 
     </span>
    </p>
   </div>
  </div>
 </body>
</html>
