2022 3145
205 123 272 176 32
852 109 1211 154 BUCOLJCA.

896 246 1164 294 Palaemon.

204 352 374 409 Dicite,
411 349 806 414 quandoquidem
842 349 892 395 in
928 348 1062 395 molli
1098 347 1404 396 consedimus
1440 346 1605 399 herba,
1732 330 1738 334 ⁵
1814 365 1862 405 55

205 451 252 490 et
287 455 417 496 nunc
452 439 612 487 omnis
647 454 776 501 ager,
813 453 944 486 nunc
980 437 1139 485 omnis
1173 437 1374 499 parturit
1409 436 1569 493 arbos,

205 546 335 578 nunc
371 529 597 577 frondent
635 528 791 587 silvae,
831 541 962 574 nunc
998 526 1374 574 formosissimus
1410 540 1579 572 annus.

207 620 388 682 Incipe,
424 618 692 675 Damoeta;
741 624 792 662 tu
829 614 1002 663 deinde
1039 630 1256 677 sequere,
1294 613 1536 662 Menalca.

176 737 179 741 -
208 708 417 755 Alternis
453 707 648 764 dicetis;
697 713 861 753 amant
899 704 1082 752 alterna
1119 703 1378 751 Camenae.

907 828 1170 876 Damoetas.

207 921 285 969 Ab
321 921 435 968 Iove
470 920 776 983 principium,
813 918 1015 966 Musae:
1065 918 1193 966 Iovis
1229 917 1394 966 omnia
1430 916 1601 979 plena3
1816 921 1869 962 60

207 1011 283 1059 ille
321 1010 433 1058 colit
470 1018 649 1068 terras;
703 1008 768 1055 illi
804 1023 914 1055 mea
949 1007 1167 1056 carmina
1203 1022 1360 1055 curae.

910 1131 1172 1178 fllenalcas.

209 1226 273 1273 Et
308 1240 387 1272 me
424 1222 649 1270 Phoebus
686 1231 845 1279 amat3
897 1221 1098 1269 Phoebo
1135 1236 1222 1269 sua
1259 1235 1447 1282 semper
1484 1219 1615 1282 apud
1651 1234 1728 1266 me

211 1329 412 1362 munera
449 1320 571 1370 sunt,
609 1311 729 1359 lauri
765 1319 813 1359 et
850 1326 992 1358 suave
1018 1311 1196 1358 rubens
1231 1309 1533 1373 hyacinthus.

904 1435 1168 1482 Damoetas.

214 1527 349 1575 Malo
385 1541 464 1574 me
503 1524 706 1573 Galatea
740 1524 871 1586 petit,
908 1524 1084 1572 lasciva
1119 1523 1291 1586 puella,

213 1625 259 1665 et
293 1615 415 1678 fugit
451 1614 514 1663 ad
550 1613 731 1673 salices,
770 1621 815 1660 et
852 1628 903 1660 se
940 1613 1069 1674 cupit
1105 1620 1215 1659 ante
1252 1611 1411 1658 videri.
1822 1616 1871 1669 65

915 1735 1176 1783 Menalcas.

216 1830 282 1877 At
316 1828 432 1875 mihi
469 1842 571 1875 sese
608 1826 749 1874 offert
784 1825 909 1873 ultro
945 1841 1084 1873 meus
1120 1825 1246 1888 ignis
1283 1824 1536 1886 Amyntas,

215 1918 375 1966 notior
410 1924 462 1964 ut
496 1916 592 1964 iam
629 1915 688 1963 sit
724 1915 928 1963 canibus
963 1929 1066 1962 non
1102 1913 1242 1961 Delia
1278 1914 1468 1961 nostris.

915 2038 1180 2086 Damoetas.

218 2132 360 2179 Parta
394 2145 532 2177 meae
568 2128 749 2176 Veneri
785 2136 896 2175 sunt
930 2142 1160 2175 munera:
1209 2142 1419 2189 namque
1456 2127 1617 2174 notavi

218 2222 318 2284 ipse
346 2219 524 2276 locum,
561 2218 720 2265 ae'riae
756 2232 855 2280 quo
891 2232 1179 2279 congessere
1214 2215 1480 2279 palumbes.

917 2338 1178 2388 Menalcas.

222 2432 372 2492 Quod
405 2423 553 2494 potui,
590 2444 742 2492 puero
779 2428 977 2477 silvestri
1014 2445 1073 2477 ex
1110 2430 1282 2477 arbore
1317 2428 1442 2476 lecta
1832 2446 1879 2487 70

222 2536 367 2570 aurea
401 2511 529 2566 mala
566 2518 734 2566 decem
770 2518 907 2577 misi3
949 2533 1053 2565 cras
1089 2517 1237 2565 altera
1272 2518 1473 2564 mittam.

915 2641 1180 2690 Damoetas.

226 2732 271 2781 O
309 2733 531 2795 quotiens
567 2739 614 2779 et
650 2746 774 2793 quae
811 2731 954 2778 nobis
991 2730 1193 2778 Galatea
1226 2729 1386 2778 locuta
1421 2733 1518 2778 est!

224 2830 410 2884 partem
447 2821 671 2884 aliquam,
709 2820 851 2878 venti,
892 2820 1053 2867 divum
1090 2819 1304 2868 referatis
1340 2819 1401 2866 ad
1438 2834 1589 2867 aures.
