2022 3145
620 132 890 176 ECLOGA
934 133 1019 175 JV.
1063 116 1262 193 '23—V.
1306 146 1350 191 ε).
1751 143 1814 194 37

160 268 204 316 Ο
241 269 357 314 mihi
395 279 493 314 tam
531 269 704 329 longae
742 279 936 314 maneat
975 283 1085 329 pars
1122 268 1287 314 ultima
1325 271 1461 325 vitae,

158 357 350 418 spiritus
386 366 433 403 et
470 366 707 417 quantum
747 368 816 401 sat
855 357 941 402 erit
980 367 1061 402 tua
1099 357 1256 403 dicere
1294 357 1444 404 facta!

157 460 255 491 non
293 459 370 491 me
408 444 702 491 carminibus
737 445 894 490 vincat
933 459 1020 490 nec
1059 444 1298 491 Thracius
1337 445 1576 506 Orpheus,
1766 470 1815 507 55

156 549 246 580 nec
282 533 446 588 Linus,
486 533 597 578 huic
635 541 787 578 mater
825 533 1046 593 quamvis
1083 542 1226 594 atque
1263 533 1373 578 huic
1411 541 1545 594 pater
1583 533 1717 582 adsit,

158 621 340 683 Orphei
378 621 638 682 Calliopea,
679 620 803 667 Lino
840 621 1082 667 formosus
1117 620 1306 681 Apollo.

157 709 259 756 Pan
296 710 454 765 etiam,
491 710 700 756 Arcadia
735 724 928 755 mecum
967 711 1004 755 si
1042 710 1195 756 iudice
1235 720 1394 763 certet,

156 799 261 845 Pan
296 799 443 845 etiam
478 799 684 862 Arcadia
722 799 845 844 dicat
885 814 933 844 se
971 779 1124 845 iudice
1161 799 1351 845 victum.

156 886 340 948 Incipe,
377 901 522 948 parve
558 901 691 947 puer,
730 886 827 932 risu
863 901 1160 947 cognoscere
1196 895 1432 942 matrem;
1767 896 1817 933 60

156 977 298 1022 matri
334 975 480 1037 longa
518 975 685 1021 decem
723 974 933 1020 tulerunt
971 974 1158 1021 fastidia
1194 989 1402 1022 menses.

156 1064 335 1126 Incipe,
372 1080 517 1125 parve
554 1079 698 1124 puer:
752 1064 828 1109 cui
866 1078 967 1109 non
1005 1063 1149 1109 risere
1186 1074 1424 1130 parentes,

155 1169 244 1200 nec
283 1153 400 1200 deus
435 1152 565 1199 hunc
602 1167 784 1208 mensa,
825 1152 913 1197 dea
951 1167 1039 1197 nec
1079 1152 1274 1212 dignata
1311 1152 1453 1197 cubili
1492 1165 1576 1198 est.

1551 1237 1599 1258 r'f'

1498 1258 1549 1276 ‚s‘

772 1409 816 1452 E
828 1411 867 1453 O
879 1410 922 1452 L
937 1409 979 1451 O
993 1410 1099 1453 GA
1136 1410 1198 1452 V.

697 1538 982 1585 MENALCAS.
1056 1537 1268 1585 MOPSUS.

855 1668 1115 1715 Menalcas.

154 1774 263 1821 CUR
300 1788 415 1830 non,
454 1772 645 1833 Mopse,
685 1772 801 1818 boni
838 1772 1070 1833 quoniam
1107 1774 1422 1818 convenimus
1461 1774 1619 1828 ambo,

152 1873 205 1908 tu
241 1861 455 1908 calamos
490 1859 658 1906 inflare
694 1859 839 1917 leves,
879 1875 972 1921 ego
1010 1861 1168 1907 dicere
1206 1876 1383 1917 versus,

150 1950 227 1997 hic
265 1949 439 2010 corylis
474 1949 651 1994 mixtas
688 1948 811 1994 inter
847 1949 1144 1996 considimus
1180 1950 1369 1995 ulmos?

873 2058 1084 2120 ⁴Hapsus.

152 2162 233 2208 Tu
268 2146 424 2209 maior
437 2178 449 2220 3
505 2161 591 2208 tibi
628 2176 707 2208 me
744 2172 816 2207 est
852 2175 1062 2222 aequum
1098 2177 1280 2222 parere,
1320 2161 1558 2217 Menalca,

151 2252 248 2298 sive
285 2251 375 2297 sub
409 2250 616 2297 incertas
654 2249 888 2311 Zephyris
922 2251 1220 2297 motantibus
1256 2251 1467 2308 umbras,
1790 2270 1812 2308 5

151 2340 246 2386 sive
282 2348 423 2386 antro
457 2339 620 2400 potius
657 2338 974 2385 succedimus.
1045 2339 1223 2399 Aspice
1261 2348 1312 2384 ut
1350 2348 1540 2385 antrum

151 2428 378 2476 silvestris
412 2428 532 2474 raris
569 2429 742 2489 sparsit
778 2428 1001 2475 labrusca
1039 2428 1254 2475 racemis.

843 2537 1103 2584 Menalcas.

150 2640 403 2687 Montibus
437 2641 486 2686 in
523 2641 700 2688 nostris
737 2641 866 2689 solus
903 2642 987 2688 tibi
1024 2650 1173 2688 certat
1209 2642 1461 2703 Amyntas.

870 2757 1084 2820 Mopsus.

151 2862 297 2920 Quid,
335 2864 372 2909 si
409 2863 537 2910 idem
573 2872 723 2911 certet
760 2863 1012 2912 Phoebum
1052 2879 1278 2926 superare
1314 2864 1566 2911 canendo?
