2022 3145
624 136 894 180 ECLOGA
936 136 1036 179 [Η.
1081 139 1270 193 10-54·
1709 141 1770 194 31

117 274 191 323 bis
225 273 354 321 venit
388 272 450 319 ad
485 271 750 329 mulctram,
787 272 929 318 binos
966 271 1045 318 alit
1081 272 1227 317 ubere
1262 265 1406 331 fetus)
1727 286 1779 325 30

118 363 346 425 depono:
389 368 443 407 tu
479 360 568 418 dic,
605 375 796 407 mecum
833 375 931 421 quo
967 359 1170 421 pignore
1205 365 1371 405 certeS.

816 468 1074 515 fllenalcas.

118 559 195 607 De
231 574 378 621 grege
414 573 514 605 non
550 558 704 604 ausim
741 557 998 619 quicquam
1035 557 1275 618 deponere
1310 563 1500 603 tecum:

119 657 190 696 est
225 648 342 695 mihi
378 662 589 709 namque
625 646 757 694 domi
794 658 941 708 pater,
979 656 1049 694 est
1086 647 1262 693 iniusta
1297 659 1531 702 noverca;

119 739 292 801 bisque
329 737 406 785 die
441 742 698 783 numerant
734 736 879 781 ambo
915 751 1078 797 pecus,
1116 735 1233 781 alter
1269 743 1315 781 et
1349 733 1545 780 haedos.

120 827 319 884 Verum,
355 825 404 873 id
441 824 573 887 quod
608 823 759 870 multo
796 832 893 870 tute
930 825 1032 885 ipse
1069 824 1277 871 fatebere
1313 823 1481 878 maius,
1731 838 1779 879 35

121 916 350 980 (insanire
385 914 499 961 libet
535 913 766 975 quoniam
802 910 907 975 tibi)
944 912 1116 973 pocula
1151 926 1333 973 ponam

122 1006 299 1067 fagina,
337 1003 575 1051 caelatum
611 1001 754 1048 divini
790 1016 912 1062 opus
950 1000 1328 1047 Alcimedontis:

122 1094 251 1142 lenta
285 1092 460 1155 quibus
494 1099 636 1138 torno
672 1089 796 1136 facili
833 1089 1134 1151 superaddita
1170 1089 1278 1135 vitis

125 1183 324 1230 diffusos
358 1180 536 1227 hedera
571 1179 707 1225 vestit
743 1178 954 1240 pallente.
985 1178 1258 1239 corymbos.

124 1271 184 1318 In
220 1269 378 1317 medio
415 1269 513 1315 duo
549 1268 701 1329 signa,
739 1266 917 1314 Conon
953 1266 1174 1328 et—-quis
1209 1265 1296 1311 fuit
1333 1265 1465 1321 alter,
1733 1280 1786 1321 40

125 1359 373 1421 descripsit
406 1357 541 1405 radio
576 1364 732 1404 totum
769 1357 849 1418 qui
886 1356 1108 1417 gentibus
1144 1356 1325 1411 orbem,

124 1456 344 1510 tempora
377 1462 502 1509 quae
537 1460 735 1502 messor,
773 1460 896 1507 quae
932 1459 1102 1491 curvus
1139 1452 1294 1491 arator
1329 1442 1560 1488 haberet?

127 1537 336 1585 necdum
372 1535 461 1583 illis
495 1535 628 1582 labra
665 1533 871 1592 admovi,
913 1534 996 1580 sed
1032 1533 1226 1580 condita
1263 1546 1413 1579 servo.

824 1643 1086 1690 Damoetas.

128 1735 191 1782 Et
226 1735 367 1782 nobis
402 1734 531 1781 idem
567 1732 857 1800 Alcimedon
893 1732 989 1779 duo
1026 1731 1201 1793 pocula
1237 1729 1360 1787 fecit,

130 1832 178 1871 et
210 1823 343 1871 molli
377 1823 554 1870 circum
590 1830 660 1868 est
696 1836 836 1868 ansas
874 1821 1122 1882 amplexus
1159 1818 1379 1874 acantho,
1738 1837 1789 1876 45

132 1911 424 1974 Orpheaque
460 1911 510 1957 in
546 1910 709 1957 medio
745 1910 905 1971 posuit
941 1909 1176 1970 silvasque
1213 1914 1495 1969 sequentes3

131 2001 339 2049 necdum
372 2001 462 2047 illis
500 2000 632 2047 labra
667 1999 872 2056 admovi,
911 1998 995 2045 sed
1031 1997 1225 2045 condita
1262 2011 1413 2044 servo.

93 2158 96 2162 ⁴
135 2090 185 2137 Si
220 2090 282 2137 ad
315 2090 511 2137 vitulam
547 2096 746 2151 spectaS‚
786 2087 902 2133 nihil
938 2095 1008 2134 est
1043 2087 1175 2149 quod
1210 2085 1381 2147 pocula
1417 2084 1593 2131 laudes.

828 2203 1088 2250 [Menalcas.

134 2301 417 2364 Numquam
451 2301 595 2349 hodie
631 2301 860 2363 effugies,
903 2302 1091 2347 veniam
1128 2313 1438 2361 quocumque
1474 2297 1684 2356 vocaris3

136 2390 296 2438 audiat
329 2390 448 2437 haec
483 2391 813 2437 tantum—vel
850 2390 932 2452 qui
967 2389 1096 2436 venit
1133 2404 1243 2435 ecce
1280 2387 1555 2434 Palaemon.
1744 2406 1796 2445 50

136 2478 368 2537 Efficiam,
405 2478 602 2540 posthac
637 2494 699 2526 ne
735 2493 1028 2540 quemquam
1065 2492 1181 2524 voce
1217 2477 1433 2522 lacessas.

832 2587 1096 2634 Damoetas.

141 2675 272 2734 Quin
308 2691 412 2738 age,
450 2677 488 2722 si
525 2676 641 2739 quid
676 2675 852 2723 habes:
904 2677 953 2722 in
989 2692 1067 2723 me
1104 2691 1243 2722 mora
1279 2690 1378 2721 non
1414 2675 1502 2720 erit
1536 2672 1647 2729 ulla,

141 2779 230 2812 nec
266 2779 562 2827 quemquam
598 2764 728 2826 fugio
746 2781 759 2822 3
804 2772 1005 2821 tantum,
1043 2764 1194 2810 vicine
1232 2763 1511 2819 Palaemon,

142 2854 360 2900 sensibus
393 2852 513 2900 haec
550 2853 657 2899 imis
691 2850 791 2915 (res
826 2861 897 2900 est
933 2867 1034 2899 non
1069 2849 1236 2915 parva)
1273 2866 1491 2912 reponas
