2022 3145
526 140 796 184 ECLOGA
847 140 953 184 νη.
980 141 1268 200 43—VJJJ.
1300 132 1380 183 18.

849 276 1055 337 Thyrsis.

122 373 358 421 Fraxinus
394 373 443 419 in
481 373 607 419 silvis
643 372 975 434 pulcherrima,
1014 373 1156 432 pinus
1192 373 1240 418 in
1278 372 1439 431 hortis,

91 462 332 524 rpopulus
367 461 418 507 in
453 460 621 518 fluviis,
661 461 793 507 abies
830 461 878 506 in
915 462 1162 507 montibus
1199 461 1332 507 altis:

123 551 313 613 saepius
349 559 397 596 at
434 551 471 596 si
507 565 600 607 me,
638 549 820 610 Lycida
855 549 1079 606 formose,
1119 551 1307 608 revisas

122 640 334 686 fraxinus
370 640 420 685 in
458 638 585 685 silvis
622 639 760 685 cedat
797 639 894 696 tibi,
933 640 1074 699 pinus
1111 640 1159 693 in
1197 639 1361 686 hortis.

822 747 1086 795 Meliboeus.

126 843 266 893 Haec
301 845 513 901 memini,
553 853 598 890 et
634 845 812 890 victum
848 844 1018 890 frustra
1053 845 1343 892 contendere
1381 844 1625 906 Thyrsim.

122 932 199 980 Ex
235 933 316 980 illo
352 932 581 994 Corydon
619 932 848 992 Corydon
886 942 956 979 est
993 942 1210 993 tempore
1247 934 1402 980 nobis.

698 1136 994 1180 ECLOGA
1048 1137 1206 1179 VIII.

124 1242 391 1299 PASToRUM
427 1257 618 1288 musam
654 1241 893 1288 Damonis
930 1251 976 1288 et
1013 1241 1337 1302 Alphesiboei,

121 1332 378 1379 immemor
412 1330 672 1378 herbarum
709 1346 833 1392 quos
869 1339 939 1376 est
975 1331 1147 1376 mirata
1183 1331 1381 1377 iuvenca

121 1430 374 1477 certantes,
413 1402 622 1483 quorum
659 1420 950 1482 stupefactae
987 1421 1198 1467 carmine
1235 1420 1410 1482 lynces,

123 1520 171 1558 et
205 1519 390 1557 mutata
425 1525 540 1557 suos
577 1511 854 1573 requierunt
891 1510 1092 1556 flumina
1128 1525 1311 1568 cursus,

122 1599 363 1647 Damonis
397 1614 590 1646 musam
627 1600 840 1646 dicemus
877 1608 923 1646 et
959 1599 1285 1660 Alphesiboei.

193 1688 275 1735 Tu
309 1688 441 1746 mihi,
483 1703 566 1735 seu
601 1689 766 1750 magni
804 1703 1001 1750 superas
1036 1689 1132 1734 iam
1171 1704 1288 1735 saxa
1325 1689 1531 1747 Timavi,

127 1779 223 1825 sive
261 1793 398 1824 oram
434 1777 605 1839 Illyrici
641 1777 760 1839 legis
796 1778 1166 1839 aequoris,—en
1204 1779 1292 1824 erit
1329 1794 1560 1840 umquam

126 1867 202 1914 ille
239 1866 354 1925 dies,
393 1867 510 1912 mihi
547 1881 657 1913 cum
694 1866 832 1913 liceat
869 1875 951 1912 tua
988 1867 1143 1913 dicere
1180 1867 1335 1914 facta?

127 1956 205 2002 En
241 1956 328 2003 erit
362 1964 415 2001 ut
452 1955 591 2002 liceat
628 1964 784 2002 toturn
821 1955 936 2001 mihi
972 1955 1091 2002 ferre
1127 1972 1212 2017 per
1248 1957 1414 2003 orbern

128 2045 232 2093 sola
269 2044 543 2106 Sophocleo
578 2053 660 2090 tua
696 2046 910 2090 carmina
948 2045 1091 2106 digna
1128 2045 1394 2092 cothurno?

125 2134 171 2180 A
206 2141 253 2181 te
289 2133 590 2195 principium,
627 2133 713 2179 tibi
750 2133 946 2180 desinet.
1019 2133 1198 2195 Accipe
1234 2135 1375 2180 iussis

125 2222 340 2269 carmina
374 2230 549 2283 coepta
585 2222 691 2279 tuis,
731 2213 874 2283 atque
911 2222 1035 2269 hanc
1073 2223 1174 2269 sine
1211 2231 1431 2285 tempora
1467 2224 1644 2270 circum

126 2312 250 2358 inter
285 2311 501 2357 victrices
536 2310 767 2358 hederam
804 2311 887 2357 tibi
926 2327 1116 2373 serpere
1153 2312 1327 2358 laurus.

193 2399 388 2461 Frigida
422 2400 498 2445 vix
534 2399 669 2452 caelo
704 2401 860 2447 noctis
895 2400 1165 2447 decesserat
1200 2402 1385 2458 umbra,

127 2502 239 2534 cum
275 2503 355 2534 ros
389 2488 440 2533 in
476 2497 638 2535 tenera
674 2490 837 2550 pecori
874 2489 1172 2551 gratissimus
1209 2490 1386 2536 herba:

126 2576 412 2623 incumbens
448 2577 582 2623 tereti
617 2576 814 2624 Damon
851 2579 918 2624 sic
956 2579 1114 2639 coepit
1151 2578 1315 2625 olivae.

854 2687 1054 2735 Damon.

127 2780 388 2839 ‘Nascere,
427 2786 649 2844 praeque*
676 2784 802 2831 diem
839 2785 1036 2831 veniens
1071 2800 1175 2846 age,
1215 2784 1417 2838 Lucifer,
1456 2786 1651 2844 almum,

128 2870 345 2932 coniugis
380 2870 581 2932 indigno
617 2871 780 2933 Nysae
818 2873 1046 2934 deceptus
1082 2888 1246 2920 amore

1739 953 1786 992 70

1742 2068 1787 2094 10

1743 2513 1787 2552 15
