2022 3145
184 114 252 174 4⁸
832 118 1188 162 BUCOLJCA.

185 255 299 301 dum
335 270 525 317 queror,
563 264 610 301 et
645 255 794 312 divos,
835 270 1132 317 quamquam
1167 255 1235 300 nil
1271 256 1472 302 testibus
1508 256 1598 303 illis

183 342 377 404 profeci,
417 352 632 390 extrema
667 343 879 390 moriens
917 354 1080 390 tamen
1117 343 1351 406 adloquor
1385 343 1519 391 hora.

253 431 417 493 Incipe
455 431 728 479 Maenalios
764 447 971 488 mecum,
1007 446 1118 478 mea
1152 432 1280 489 tibia,
1321 448 1500 479 versus.

186 520 440 567 Maenalus
478 528 794 582 argutumque
832 535 1005 567 nemus
1041 521 1280 582 pinosque
1316 521 1571 583 loquentes

186 624 375 671 semper
410 607 583 664 habet3
635 623 824 669 semper
859 621 1110 669 pastorum
1142 610 1219 656 ille
1257 610 1388 656 audit
1424 625 1612 658 amores

185 698 428 760 Panaque,
466 698 547 759 qui
584 699 770 759 primus
807 698 1019 745 calamos
1056 714 1156 745 non
1192 714 1363 760 passus
1401 699 1589 746 inertes.

254 787 418 848 Incipe
457 785 728 833 Maenalios
764 801 972 844 mecum,
1009 802 1119 834 mea
1154 787 1282 843 tibia,
1324 803 1503 834 versus.

187 876 368 937 Mopso
405 875 540 937 Nysa
577 875 740 922 datur:
792 876 907 936 quid
943 892 1043 923 non
1080 891 1328 937 speremus
1365 880 1617 924 amantes?

187 964 451 1026 Iungentur
485 965 580 1010 iarn
617 963 825 1026 gryphes
862 966 1011 1027 equis,
1050 981 1266 1028 aevoque
1305 967 1523 1028 sequenti

187 1069 298 1101 cum
333 1054 534 1100 canibus
571 1035 723 1099 timidi
760 1055 953 1101 venient
989 1055 1050 1101 ad
1085 1055 1259 1116 pocula
1297 1055 1534 1102 dammae.

255 1141 419 1203 Incipe
457 1140 728 1188 Maenalios
764 1157 969 1195 mecum,
1009 1159 1118 1190 mea
1153 1144 1282 1202 tibia,
1322 1160 1499 1191 versus.

189 1231 381 1293 Mopse,
421 1245 572 1277 novas
607 1231 763 1277 incide
801 1231 961 1278 faces:
1013 1233 1096 1278 tibi
1134 1233 1320 1279 ducitur
1355 1249 1506 1290 uxor;

189 1335 375 1382 sparge,
413 1320 596 1376 marite,
635 1335 813 1378 nuces3
864 1321 948 1367 tibi
986 1322 1161 1368 deserit
1199 1322 1453 1383 Hesperus
1492 1322 1684 1370 Oetam.

255 1409 423 1470 Incipe
461 1406 733 1455 Maenalios
769 1424 976 1468 mecum,
1015 1401 1125 1457 mea
1161 1411 1292 1468 tibia,
1329 1426 1506 1458 versus.

192 1499 237 1546 O
273 1498 422 1559 digno
461 1498 717 1544 coniuncta
752 1499 868 1556 viro,
907 1500 1023 1546 dum
1061 1500 1268 1562 despicis
1305 1516 1489 1556 omnes,

191 1588 404 1648 dumque
439 1587 524 1632 tibi
560 1596 632 1633 est
667 1586 780 1634 odio
816 1603 925 1634 mea
962 1588 1119 1636 fistula
1155 1589 1368 1652 dumque
1406 1589 1617 1651 capellae

190 1676 523 1738 hirsutumque
561 1676 868 1737 supercilium
904 1678 1239 1740 promissaque
1275 1679 1439 1735 barba,

193 1779 284 1811 nec
319 1780 485 1811 curare
525 1764 669 1812 deum
706 1765 860 1812 credis
897 1766 1116 1813 mortalia
1152 1782 1462 1828 quemquam.

262 1854 428 1916 Incipe
464 1854 735 1901 Maenalios
771 1870 977 1913 mecum,
1014 1871 1124 1902 mea
1160 1857 1287 1913 tibia,
1324 1871 1500 1903 versus.

196 1942 432 2004 Saepibus
467 1944 517 1989 in
553 1945 728 1991 nostris
764 1959 963 2005 parvam
1000 1957 1046 1992 te
1086 1946 1274 1993 roscida
1310 1947 1438 1993 mala

195 2030 313 2092 (dux
350 2048 443 2094 ego
480 2042 635 2080 vester
671 2032 825 2096 eram)
861 2034 955 2080 vidi
994 2049 1103 2081 cum
1140 2044 1291 2083 matre
1329 2036 1585 2097 legentem.

195 2121 329 2168 Alter
365 2123 426 2168 ab
462 2122 718 2170 undecimo
755 2133 858 2169 tum
894 2138 973 2170 me
1010 2124 1107 2170 iam
1143 2132 1394 2186 acceperat
1430 2139 1586 2171 annus
1604 2140 1614 2181 ;

194 2210 293 2255 iam
329 2208 520 2270 fragiles
556 2220 776 2272 poteram
813 2212 875 2257 ab
911 2221 1033 2258 terra
1070 2213 1348 2274 contingere
1386 2227 1560 2260 ramos.

196 2298 265 2345 Ut
301 2299 409 2356 vidi,
449 2310 501 2346 ut
535 2300 667 2362 perii,
707 2310 759 2346 ut
795 2315 874 2347 me
910 2301 1064 2348 malus
1101 2302 1293 2349 abstulit
1330 2304 1486 2350 error!

265 2386 434 2449 Incipe
470 2387 743 2436 Maenalios
779 2403 985 2446 mecum,
1021 2405 1130 2436 mea
1167 2391 1296 2449 tibia,
1333 2406 1509 2438 versus.

199 2475 344 2523 Nunc
381 2477 495 2534 scio,
533 2477 648 2540 quid
685 2478 743 2525 sit
779 2478 945 2525 Amor.
1019 2478 1165 2526 Duris
1202 2480 1250 2526 in
1287 2480 1477 2527 cotibus
1512 2480 1643 2527 illum

198 2572 280 2610 aut
318 2564 531 2613 Tmaros
567 2576 650 2612 aut
687 2565 927 2628 Rhodope
964 2578 1045 2614 aut
1081 2569 1281 2616 extremi
1319 2568 1643 2617 Garamantes

200 2668 289 2700 nec
326 2655 513 2715 generis
549 2656 699 2702 nostri
735 2660 939 2717 puerum
976 2672 1066 2704 nec
1103 2658 1350 2720 sanguinis
1387 2658 1550 2705 edunt.

269 2740 434 2804 Incipe
471 2742 746 2791 Maenalios
781 2759 990 2802 mecum,
1027 2754 1138 2793 mea
1173 2746 1302 2804 tibia,
1341 2761 1521 2794 versus.

203 2829 382 2878 Saevus
418 2831 572 2879 Amor
608 2832 769 2879 docuit
806 2842 1031 2881 natorum
1069 2835 1302 2897 sanguine
1338 2844 1544 2881 matrem

1797 366 1848 393 20

1802 1253 1853 1291 30

1807 1699 1855 1738 35
