2022 3145
223 105 288 158 28
869 112 1230 160 BUCOLICA.

219 246 337 295 haec
373 247 542 295 eadem
577 258 629 295 ut
667 249 822 308 sciret,
863 250 979 312 quid
1015 264 1114 297 non
1150 249 1356 297 faciebat
1392 249 1662 312 Amyntas?
1837 268 1886 308 35

218 335 307 384 Est
342 337 458 384 mihi
488 337 754 399 disparibus
790 346 974 400 septem
1009 346 1264 400 compacta
1298 338 1467 386 cicutis

219 425 388 483 fistula,
425 425 691 474 Damoetas
729 426 861 475 dono
897 427 1014 474 mihi
1051 442 1198 490 quam
1233 427 1365 474 dedit
1401 427 1517 475 olim

219 524 266 563 et
302 515 419 562 dixit
453 517 694 564 moriens:
735 515 855 563 “Te
893 531 1023 564 nunc
1059 516 1204 564 habet
1239 517 1328 564 ista
1363 515 1708 565 secundum:''

217 604 352 651 Dixit
388 604 663 662 Damoetas,
702 605 867 652 invidit
902 605 1072 653 stultus
1107 606 1359 668 Amyntas.

217 693 472 743 Praeterea
508 695 619 753 du0,
660 710 749 742 nec
783 702 887 742 tuta
921 694 1038 741 mihi
1073 694 1192 742 valle
1228 695 1414 757 reperti,
1836 707 1890 750 40

217 784 442 846 capreoli,
479 784 655 845 sparsis
693 784 837 830 etiam
873 799 1003 830 nunc
1041 783 1245 846 pellibus
1282 783 1392 831 albo
1410 799 1423 841 ;

219 874 332 920 bina
371 873 445 920 die
483 873 664 920 siccant
700 873 802 920 ovis
838 875 1017 920 ubera:
1061 887 1186 934 quos
1215 873 1297 919 tibi
1335 887 1484 919 servo.

219 962 325 1010 Iam
360 962 546 1024 pridem
582 977 611 1009 a
647 977 725 1008 me
760 962 867 1010 illos
904 962 1145 1010 abducere
1182 960 1428 1024 Thestylis
1463 969 1570 1008 orat
1589 976 1600 1019 ;

216 1063 264 1099 et
299 1051 452 1110 faciet,
491 1052 722 1115 quoniam
759 1051 957 1098 sordent
992 1051 1078 1098 tibi
1113 1066 1315 1098 munera
1350 1059 1529 1098 nostra.

220 1141 332 1188 Huc
369 1140 500 1198 adeS,
536 1156 566 1188 o
598 1140 813 1188 formose
850 1156 1001 1203 puer:
1045 1141 1130 1187 tibi
1166 1140 1260 1187 lilia
1295 1139 1449 1202 plenis
1838 1157 1888 1195 45

218 1245 330 1278 ecce
367 1229 525 1277 ferunt
562 1229 820 1292 Nymphae
857 1229 1056 1277 calathis
1075 1244 1088 1288 ;
1131 1229 1216 1276 tibi
1253 1228 1459 1276 candida
1494 1226 1629 1283 Nais,

217 1319 450 1383 pallentes
486 1318 634 1366 violas
670 1327 717 1366 et
754 1333 945 1366 summa
979 1333 1219 1380 papavera
1255 1332 1472 1380 carpens,

217 1409 485 1456 narcissum
522 1416 568 1455 et
605 1407 775 1455 florem
811 1408 965 1469 iungit
1002 1409 1126 1456 bene
1163 1407 1333 1455 olentis
1370 1405 1532 1453 anethi
1552 1422 1563 1463 ;

219 1507 323 1546 tum
359 1499 488 1546 casia
524 1507 669 1560 atque
706 1497 805 1544 aliis
842 1497 1064 1544 intexens
1102 1496 1325 1544 suavibus
1361 1495 1522 1543 herbis

217 1588 382 1637 mollia
417 1587 595 1635 luteola
629 1586 784 1650 pingit
816 1586 1028 1633 vaccinia
1061 1585 1248 1634 caltha.>
1843 1599 1895 1641 50

220 1678 330 1741 Ipse
366 1691 459 1739 ego
496 1692 617 1724 cana
651 1676 811 1738 legam
846 1684 1013 1722 tenera
1047 1675 1278 1736 lanugine
1313 1673 1442 1720 mala

217 1776 567 1829 castaneasque
602 1780 762 1823 nuces,
800 1780 910 1812 mea
946 1780 1065 1827 quas
1099 1764 1358 1827 Amaryllis
1394 1763 1616 1820 amabat;

221 1856 400 1904 addam
436 1870 576 1903 cerea
611 1870 794 1917 pruna:
841 1854 1001 1901 honos
1038 1854 1126 1901 erit
1159 1853 1270 1900 huic
1307 1867 1503 1915 quoque
1539 1865 1716 1913 pomo;

222 1955 270 1994 et
304 1961 404 2004 vos,
441 1960 471 1992 o
508 1945 642 2002 lauri,
687 1959 883 2006 carpam
919 1952 966 1990 et
1003 1951 1062 2002 te,
1099 1942 1321 2005 proxima
1357 1949 1526 2004 myrte,

221 2035 287 2084 sic
323 2035 510 2097 positae
546 2033 780 2096 quoniam
818 2048 987 2080 suaves
1022 2033 1232 2080 miscetis
1267 2031 1456 2079 odores.
1843 2045 1890 2085 55

225 2123 451 2171 Rusticus
486 2137 551 2180 es,
591 2122 852 2184 Corydon:
903 2138 992 2170 nec
1029 2136 1230 2169 munera
1265 2129 1400 2169 curat
1436 2117 1617 2176 Alexis,

223 2228 327 2272 nec,
367 2213 405 2259 si
441 2212 720 2259 muneribus
755 2220 925 2269 certes,
962 2211 1196 2260 concedat
1231 2209 1391 2258 IollaS.

226 2302 341 2349 Heu
376 2300 497 2348 heu!
546 2300 662 2363 quid
697 2300 827 2347 volui
862 2301 1041 2348 misero
1077 2299 1229 2346 mihi?
1277 2298 1475 2345 floribus
1512 2304 1727 2343 austrum

223 2391 434 2455 perditus
471 2399 516 2438 et
552 2389 744 2452 liquidis
780 2389 957 2436 immisi
993 2388 1209 2436 fontibus
1245 2402 1403 2450 apros.

227 2480 390 2539 Quem
426 2480 565 2542 fugis,
605 2478 681 2537 ah,
723 2478 956 2526 demens?
998 2477 1275 2525 habitarunt
1311 2476 1359 2524 di
1395 2489 1593 2538 quoque
1631 2473 1772 2522 silvas
1843 2480 1896 2519 60

225 2568 595 2631 Dardaniusque
632 2567 781 2615 Paris.
851 2566 1008 2614 Pallas
1043 2581 1165 2629 quas
1199 2564 1416 2613 condidit
1452 2578 1588 2611 arces

225 2659 329 2721 ipsa
364 2657 517 2706 colat:
564 2659 706 2705 nobis
741 2657 961 2719 placeant
997 2665 1107 2703 ante
1143 2655 1308 2702 omnia
1344 2653 1500 2701 silvae.

226 2746 392 2795 Torva
426 2746 594 2794 leaena
627 2746 795 2808 lupum
831 2745 1057 2808 sequitur,
1093 2744 1233 2806 lupus
1268 2744 1369 2805 ipse
1406 2741 1654 2805 capellam,

226 2836 479 2884 florentem
514 2836 719 2898 cytisum
756 2835 972 2898 sequitur
1006 2833 1180 2881 lasciva
1214 2831 1412 2895 capella,
