2018 3120
671 115 941 160 ECLOGA
983 117 1023 162 I.
1070 110 1202 159 16-6
1208 125 1254 177 3.

862 286 1065 346 Tityrus.

140 392 270 452 Quid
303 392 545 441 facerem?
593 410 750 458 neque
786 397 975 444 servitio
1010 411 1088 443 me
1125 397 1255 444 exire
1291 396 1463 445 licebat

138 497 228 530 nec
263 491 362 529 tam
397 492 672 545 praesentes
708 484 818 531 alibi
854 500 1150 547 cognoscere
1188 484 1337 534 divos·

140 569 238 617 Hic
273 569 403 617 illurn
439 571 534 618 vidi
570 572 808 631 iuvenem,
847 572 1102 631 Meliboee,
1139 575 1400 637 quotannis

139 658 212 706 bis
247 673 391 708 senos
425 660 500 708 cui
536 669 700 709 nostra
734 661 835 709 dies
871 662 1036 709 altaria
1071 663 1268 710 fumant.

139 747 237 796 Hic
273 747 391 795 mihi
425 763 713 811 responsum
749 751 932 812 primus
968 751 1095 798 dedit
1130 751 1206 799 ille
1242 752 1448 814 petenti:

141 841 152 859 ⁴
173 836 359 886 Pascite
393 846 445 886 ut
481 849 590 886 ante
627 840 787 897 boves,
823 840 988 902 pueri:
1035 841 1293 888 submittite
1329 840 1521 889 tauros,¹

829 1004 1095 1053 Melzboeus.

66 1124 85 1151 ὓ
138 1113 400 1162 Fortunate
436 1128 598 1172 senex,
638 1130 752 1176 ergo
787 1124 869 1162 tua
905 1131 1013 1162 rura
1048 1117 1325 1173 manebunt,

138 1212 184 1251 et
219 1202 305 1250 tibi
340 1217 520 1264 magna
553 1203 682 1261 satis,
719 1204 937 1265 quamvis
971 1203 1093 1266 lapis
1130 1204 1295 1251 omnia
1331 1204 1488 1252 nudus

136 1292 405 1354 limosoque
441 1292 577 1355 palus
613 1292 823 1341 obducat
858 1307 1038 1355 pascua
1074 1294 1232 1340 iuncO.

137 1395 238 1428 non
271 1380 458 1428 insueta
492 1396 661 1444 graves
695 1382 946 1428 tentabunt
981 1381 1159 1444 pabula
1194 1380 1329 1439 fetaS,

138 1485 230 1518 nec
266 1470 395 1518 mala
428 1470 570 1518 vicini
605 1471 796 1533 pecoris
832 1471 1057 1532 contagia
1092 1470 1294 1518 laedent.

138 1560 398 1609 Fortunate
434 1575 597 1618 senex,
633 1559 710 1607 hic
746 1559 868 1607 inter
903 1559 1104 1607 flumina
1139 1568 1256 1607 nota

138 1658 186 1697 et
220 1648 377 1696 fontes
411 1663 575 1696 sacros
609 1647 758 1709 frigus
794 1648 1008 1710 captabis
1044 1662 1269 1710 opacum.

141 1738 272 1786 Hinc
306 1738 406 1796 tibi,
442 1752 565 1800 quae
600 1751 800 1798 semper,
838 1737 994 1784 vicino
1029 1739 1091 1784 ab
1127 1737 1276 1785 limite
1313 1752 1495 1799 saepeS‚

140 1826 375 1890 Hyblaeis
409 1827 580 1889 apibus
615 1825 786 1873 florem
822 1826 1021 1888 depasta
1056 1826 1221 1885 salicti,

142 1931 286 1979 saepe
321 1917 410 1965 levi
446 1930 675 1964 somnum
709 1915 928 1963 suadebit
962 1916 1082 1963 inire
1118 1930 1345 1963 susurro:

140 2007 252 2056 hinc
288 2006 382 2055 alta
418 2007 507 2054 sub
542 2021 660 2068 rupe
696 2013 836 2053 canet
870 2004 1121 2052 frondator
1156 2005 1218 2052 ad
1253 2019 1421 2061 auras;

139 2111 230 2144 nec
265 2105 428 2144 tamen
464 2095 643 2142 interea
677 2109 865 2152 raucae,
905 2103 985 2140 tua
1020 2108 1148 2151 cura,
1187 2092 1440 2158 palumbes

142 2200 231 2234 nec
266 2199 458 2247 gernere
491 2184 619 2232 ae'ria
655 2183 859 2231 cessabit
894 2190 1044 2230 turtur
1080 2183 1142 2229 ab
1178 2182 1324 2229 ulmo.

873 2350 1075 2409 Tityrus.

142 2464 270 2512 Ante
304 2462 431 2510 leves
465 2477 583 2524 ergo
618 2470 875 2524 pascentur
910 2462 960 2508 in
995 2460 1185 2510 aethere
1221 2460 1359 2516 cervi,

143 2562 189 2600 et
223 2551 343 2600 freta
377 2532 634 2599 destituent
669 2551 825 2598 nudos
860 2551 907 2597 in
946 2551 1082 2598 litore
1118 2550 1302 2612 pisces;

143 2650 253 2690 ante
288 2640 539 2703 pererratis
575 2640 828 2687 amborum
864 2640 1038 2687 finibus
1072 2639 1183 2686 exul

144 2738 226 2778 aut
260 2729 451 2777 Ararim
487 2729 689 2777 Parthus
724 2730 855 2777 bibet
890 2738 969 2776 aut
1005 2727 1266 2776 Germania
1302 2726 1506 2789 Tigrim,

146 2833 292 2883 quam
326 2827 492 2867 nostro
525 2818 648 2866 illius
681 2818 867 2867 labatur
901 2828 1095 2881 pectore
1130 2818 1296 2865 vultus.

1742 416 1796 456 49

1744 862 1795 901 45

1748 1489 1799 1530 50

1749 1935 1798 1974 55

1748 2554 1801 2594 60
