2022 3145
810 114 1144 154 APPENDIX
1181 117 1238 154 A.

294 247 353 291 iii.
389 257 458 303 51.
523 245 840 302 (Love-plaint
881 246 931 288 of
968 245 1183 301 Lycidas.
1250 246 1333 301 Cp.
1366 244 1493 300 Virg.
1530 245 1584 287 E.
1619 243 1692 286 vii.
1727 244 1816 295 60;

236 318 282 363 ἱί.
305 330 376 372 20,
398 315 473 372 60)
494 331 567 360 :—
993 363 1001 369 ,

399 386 460 424 Te
489 385 583 432 sine,
614 397 690 424 vae
718 385 882 432 misero,
913 383 1016 422 mihi
1046 383 1136 422 lilia
1165 384 1282 433 nigra
1310 383 1509 429 videntur,

383 442 489 490 'Nec
517 449 681 502 sapiunt
709 451 842 489 fontes
871 455 910 489 et
941 454 1130 488 acescunt
1159 448 1254 487 vina
1282 447 1456 497 bibenti,

396 517 455 555 At
484 516 519 554 si
546 521 590 554 tu
618 516 768 562 venias,
800 520 842 552 et
871 513 1047 553 candida
1077 513 1167 551 lilia
1196 512 1307 561 fient,

399 581 453 620 Et
481 580 643 632 sapient
671 579 804 618 fontes
833 584 872 618 et
903 578 1039 617 dulcia
1069 577 1164 616 vina
1191 577 1396 617 bibentur.

396 721 531 772 Quem
560 719 765 771 sequeris?
805 731 938 770 quem,
970 717 1122 769 Phylli,
1152 716 1289 769 fugis?
1318 717 1536 756 formosior
1564 715 1638 755 illo

395 787 539 834 Dicor,
570 791 609 824 et
637 784 718 823 hoc
744 783 879 835 ipsum
908 783 1009 821 mihi
1039 789 1083 822 tu
1112 783 1245 822 iurare
1274 782 1451 822 solebas.

394 850 494 890 Sum
524 862 686 901 quoque
716 848 910 896 divitior;
941 848 1155 888 certaverit
1184 847 1255 886 ille
1284 854 1346 887 tot
1374 847 1530 887 haedos

392 916 578 963 Pascere‚
608 920 708 966 quot
735 915 864 953 nostri
892 920 1155 953 numerantur
1174 926 1338 964 vespere
1359 913 1479 953 tauri.

291 1014 348 1057 iv.
374 1024 442 1070 57.
510 1012 690 1067 (Direct
734 1011 964 1055 reference
1006 1019 1054 1054 to
1091 1010 1239 1066 Virgil
1281 1010 1430 1054 under
1470 1010 1550 1053 the
1592 1023 1728 1053 name
1771 1009 1821 1052 of

232 1084 434 1140 Tityrus.
500 1083 583 1138 Cp.
605 1081 733 1137 Virg.
758 1082 813 1125 E.
838 1080 882 1123 ii.
907 1080 981 1136 36)
1007 1096 1076 1122 t—

396 1151 522 1203 Quod
550 1152 584 1190 si
612 1157 657 1190 tu
686 1151 825 1189 faveas
852 1150 1014 1202 trepido
1043 1149 1162 1197 mihi,
1192 1148 1363 1188 forsitan
1393 1148 1490 1187 illos

394 1217 594 1269 Experiar
623 1215 818 1264 calamos,
848 1215 943 1254 here
971 1228 1074 1266 quos
1108 1214 1211 1253 mihi
1241 1214 1388 1253 doctus
1419 1214 1547 1253 Iollas

395 1282 593 1329 Donavit,
624 1281 830 1332 dixitque:
864 1280 1040 1320 ‘Truces
1069 1280 1170 1319 haec
1198 1279 1334 1318 fistula
1362 1286 1504 1318 tauros

398 1347 619 1394 Conciliat,
648 1354 868 1397 nostroque
897 1351 1014 1384 sonat
1043 1345 1280 1384 dulcissima
1310 1345 1467 1384 Fauno.

394 1412 562 1463 Tityrus
590 1411 694 1450 hanc
723 1411 880 1459 habuit,
912 1410 1056 1450 cecinit
1086 1411 1155 1462 qui
1184 1411 1339 1462 primus
1370 1409 1412 1447 in
1440 1409 1528 1448 istis

394 1477 608 1516 Montibus
637 1475 831 1527 Hyblaea
861 1475 1118 1514 modulabile
1148 1488 1310 1514 carmen
1341 1471 1499 1514 avena.'

287 1574 351 1618 Jb.
380 1574 463 1618 160
478 1589 551 1618 :—

395 1644 461 1682 Tu
490 1642 593 1681 mihi
621 1641 717 1681 talis
745 1642 836 1689 eris,
870 1641 1002 1693 qualis
1032 1642 1101 1692 qui
1131 1640 1251 1680 dulce
1278 1646 1492 1679 sonantem

395 1709 568 1759 Tityron
598 1721 619 1746 e
649 1707 762 1746 silvis
791 1707 1002 1745 dominam
1033 1706 1203 1745 deduxit
1232 1707 1274 1744 in
1303 1706 1455 1752 urbem,

395 1773 664 1825 Ostenditque
693 1774 802 1820 deos,
835 1779 876 1811 et
907 1775 917 1792 ‘
935 1771 1099 1824 spreto,'
1122 1772 1237 1819 dixit,
1261 1770 1397 1817 ‘ovili,

397 1839 552 1890 Tityre,
582 1851 676 1877 rura
702 1839 829 1890 prius,
861 1838 932 1876 sed
962 1845 1056 1889 post
1086 1837 1344 1877 cantabimus
1373 1834 1514 1875 arma.'

293 1938 657 1989 NEMESIANUS,
687 1937 786 1978 Ecl.
818 1935 844 1978 i.
874 1948 907 1978 Ι.
974 1935 1202 1992 (Timetas
1234 1935 1344 1979 asks
1375 1935 1447 1978 for
1477 1948 1505 1977 a
1537 1947 1665 1990 song.
1732 1935 1814 1989 Cp.

231 2006 357 2063 Virg.
382 2008 436 2049 E.
459 2022 499 2049 x.
525 2017 575 2060 71
601 2023 611 2059 ;
643 2005 687 2048 ii.
715 2018 780 2059 12,
805 2006 879 2061 32)
901 2021 973 2050 :—

398 2076 511 2114 Dum
540 2075 694 2115 fiscella
723 2076 801 2114 tibi
831 2075 1000 2123 fluviali,
1020 2076 1174 2125 Tityre,
1198 2074 1319 2112 iunco

397 2141 568 2180 Texitur
597 2146 638 2180 et
666 2141 800 2180 raucis
830 2146 1020 2179 resonant
1051 2146 1122 2178 tua
1151 2152 1244 2179 rura
1275 2137 1438 2185 cicadis,

394 2206 549 2257 Incipe,
581 2206 615 2244 si
645 2206 756 2257 quod
785 2205 912 2244 habes
941 2205 1086 2256 gracili
1117 2205 1191 2243 sub
1220 2203 1417 2242 arundine
1447 2215 1612 2241 carmen

395 2271 711 2322 Compositum:
751 2284 848 2308 nam
877 2276 917 2309 te
947 2270 1128 2309 calamos
1157 2268 1298 2307 inflare
1329 2267 1485 2306 labello

395 2336 480 2374 Pan
510 2336 650 2375 docuit
677 2349 873 2387 versuque
902 2336 1032 2374 bonus
1061 2335 1139 2374 tibi
1167 2334 1268 2373 favit
1296 2332 1467 2384 Apollo.

395 2401 550 2453 Incipe,
583 2401 682 2439 dum
712 2401 856 2440 salices
885 2400 1007 2440 haedi
1037 2400 1136 2439 dum
1166 2399 1352 2451 gramina
1380 2411 1527 2437 vaccae

395 2466 645 2514 Detondent,
674 2466 875 2517 viridique
903 2478 1045 2517 greges
1074 2465 1307 2517 permittere
1337 2476 1486 2515 campo

395 2531 509 2570 Dum
538 2544 604 2570 ros
632 2538 672 2570 et
701 2531 823 2582 primi
853 2531 997 2570 suadet
1025 2530 1240 2569 clementia
1269 2528 1380 2567 solis.

291 2629 356 2672 Ib.
379 2629 451 2682 64.
515 2628 730 2683 (Lament
751 2628 820 2671 for
844 2627 1118 2671 Meliboeus.
1182 2627 1276 2669 For
1297 2627 1374 2670 the
1396 2623 1675 2679 concluding
1695 2623 1810 2667 lines

233 2712 303 2755 cp.
325 2698 454 2753 Virg.
479 2699 535 2740 E.
558 2713 599 2740 v.
624 2708 707 2751 273
740 2710 780 2740 x.
805 2698 850 2753 8)
869 2712 942 2740 :—

397 2767 515 2806 Felix
544 2780 568 2805 o
598 2767 806 2806 Meliboee
834 2766 948 2813 vale3
989 2765 1067 2804 tibi
1099 2764 1253 2804 frondis
1283 2763 1437 2803 odorae

394 2832 566 2870 Munera
594 2832 666 2870 dat
696 2832 834 2870 lauros
861 2843 1030 2883 carpens
1056 2829 1201 2869 ruralis
1230 2829 1414 2881 Apollo:

366 2903 418 2954 64
