2022 3145
170 125 239 172 42
817 116 1177 163 BUCOLICA.

171 257 182 276 ‘
204 251 382 299 Solvite
418 266 512 306 me,
547 253 715 313 pueri:
755 253 868 299 satis
905 262 976 299 est
1013 254 1228 314 potuisse
1264 255 1428 304 videri.

171 341 402 388 Carmina
437 355 561 402 quae
596 341 734 387 vultis
770 343 1048 404 cognoscite
1068 358 1080 400 ;
1119 343 1332 390 carmina
1367 344 1516 401 vobis,

170 430 280 477 huic
318 429 447 476 aliud
482 429 720 477 mercedis
755 431 871 476 erit.'
945 430 1097 477 Simul
1132 432 1300 494 incipit
1334 433 1450 494 ipse.

170 519 302 566 Tum
338 533 452 566 vero
489 519 537 564 in
573 534 831 565 numerum
867 519 1160 582 Faunosque
1195 521 1416 583 ferasque
1453 521 1639 568 videres

169 608 347 665 ludere,
384 616 488 654 tum
524 608 700 669 rigidas
736 616 924 656 motare
961 610 1214 655 cacumina
1252 625 1489 670 quercus:

170 713 260 745 nec
296 705 485 743 tantum
523 696 724 744 Phoebo
760 697 938 759 gaudet
976 697 1206 744 Parnasia
1242 714 1400 760 rupes,

170 801 260 833 nee
296 794 485 832 tantum
522 784 764 847 Rhodope
800 786 1002 832 miratur
1036 795 1084 833 et
1122 786 1336 833 Ismarus
1374 785 1588 848 Orphea.

170 874 399 937 Namque
435 877 655 932 canebat,
691 876 758 921 uti
795 890 1030 937 magnum
1066 891 1152 937 per
1188 878 1331 924 inane
1368 885 1538 923 coacta

169 965 356 1012 semina
390 972 725 1026 terrarumque
761 965 1047 1026 animaeque
1083 966 1328 1027 marisque
1365 964 1563 1012 fuissent

167 1062 215 1100 et
250 1054 418 1115 liquidi
456 1053 598 1100 simul
633 1054 784 1116 ignis;
822 1062 875 1100 ut
912 1054 984 1100 his
1021 1055 1222 1101 exordia
1258 1054 1428 1115 primis

169 1144 334 1192 omnia
368 1152 413 1190 et
448 1144 550 1205 ipse
588 1153 722 1191 tener
756 1144 927 1191 mundi
964 1145 1261 1192 concreverit
1298 1145 1457 1204 orbis;

171 1243 273 1280 tum
310 1233 482 1280 durare
521 1232 677 1279 solum
715 1242 761 1280 et
800 1233 1066 1280 discludere
1104 1232 1265 1280 Nerea
1301 1242 1456 1295 ponto

169 1322 384 1383 coeperit
419 1330 467 1369 et
503 1337 665 1369 rerum
700 1321 932 1383 paulatim
969 1337 1157 1369 sumere
1194 1322 1376 1369 formas
1395 1337 1406 1379 ;

168 1412 362 1474 iamque
398 1425 580 1458 novum
616 1420 770 1457 terrae
808 1419 1031 1472 stupeant
1066 1411 1309 1458 lucescere
1347 1410 1499 1457 solem

169 1498 324 1556 altius,
363 1508 508 1561 atque
544 1499 719 1546 cadant
757 1500 1014 1546 summotis
1050 1500 1260 1546 nubibus
1297 1500 1478 1546 imbres
1499 1517 1510 1557 3

167 1588 400 1650 incipiant
436 1588 580 1635 silvae
617 1603 730 1635 cum
766 1589 977 1649 primum
1015 1603 1223 1649 surgere,
1262 1602 1470 1649 cumque

170 1693 277 1724 rara
313 1693 399 1739 per
434 1677 630 1739 ignaros
666 1686 825 1724 errent
861 1677 1086 1723 animalia
1121 1685 1329 1723 montes.

173 1765 306 1812 Hinc
341 1766 525 1828 lapides
563 1765 770 1827 Pyrrhae
808 1766 975 1823 iactos,
1015 1765 1240 1812 Saturnia
1276 1781 1441 1827 regna,

173 1853 532 1916 Caucasiasque
568 1854 707 1901 refert
742 1854 963 1902 volucres
999 1854 1275 1917 furtumque
1312 1854 1601 1902 Promethei.

175 1942 269 1990 His
304 1943 535 2006 adiungit,
575 1943 740 2005 Hylan
777 1953 952 1991 nautae
990 1959 1089 2006 quo
1125 1943 1257 1991 fonte
1294 1944 1514 1991 relictum

171 2032 477 2089 clamassent,
513 2040 565 2078 ut
600 2032 709 2079 litus
748 2032 909 2093 ‘Hyla
947 2031 1104 2094 Hyla’
1143 2047 1289 2080 omne
1327 2040 1546 2088 sonaret;

172 2130 220 2169 et
255 2121 566 2178 fortunatum,
607 2123 644 2168 si
681 2137 949 2183 numquam
987 2131 1205 2168 armenta
1240 2121 1459 2180 fuissent,

174 2210 445 2271 Pasiphaen
481 2211 606 2257 nivei
643 2210 826 2257 solatur
861 2225 1028 2257 amore
1065 2210 1266 2256 iuvenci.

176 2298 255 2345 Ah
289 2299 426 2361 virgo
461 2298 637 2355 infelix,
669 2314 793 2360 quae
831 2308 876 2345 te
914 2299 1158 2346 dementia
1195 2298 1348 2359 cepit!

119 2372 123 2375 .
176 2390 425 2438 Proetides
460 2390 718 2452 implerunt
754 2389 884 2436 falsis
919 2391 1184 2452 mugitibus
1221 2404 1380 2452 agros,

175 2486 223 2525 at
257 2493 358 2526 non
393 2486 493 2524 tam
530 2489 692 2544 turpes
729 2479 972 2540 pecudum
1010 2487 1174 2526 tamen
1210 2478 1306 2524 ulla
1344 2486 1508 2524 secuta
1549 2486 1619 2524 est

177 2567 480 2624 concubitus,
517 2567 738 2630 quamvis
775 2566 902 2613 collo
937 2567 1175 2614 timuisset
1212 2574 1437 2625 aratrum,

177 2665 224 2704 et
260 2672 403 2718 saepe
439 2657 489 2703 in
524 2656 613 2702 levi
651 2657 917 2719 quaesisset
953 2671 1140 2703 cornua
1176 2655 1352 2704 fronte.

179 2744 257 2792 Ah
293 2745 429 2807 virgo
463 2744 640 2801 infelix,
679 2753 731 2791 tu
766 2760 895 2791 nunc
933 2744 982 2790 in
1018 2744 1268 2791 montibus
1302 2758 1462 2791 erras:

179 2833 254 2880 ille
290 2833 414 2879 latus
450 2833 644 2879 niveum
681 2832 815 2879 molli
852 2832 1000 2879 fultus
1036 2831 1297 2893 hyacintho

1782 805 1833 844 30

1715 1217 1832 1291 '35

1788 1696 1841 1731 40

1791 2141 1841 2179 45

1794 2586 1844 2625 50
