2022 3145
535 142 802 186 ECLOGA
854 142 988 187 VJJJ.
1019 145 1251 201 77—JX.
1284 139 1363 189 16.
1667 138 1670 141 '
1707 153 1768 204 51

128 311 298 366 sponte
335 317 435 359 sua,
471 301 586 348 dum
621 301 738 349 ferre
773 317 948 360 moror,
984 303 1104 350 cinis
1139 304 1256 365 ipse.
1326 303 1521 351 Bonum
1558 306 1643 351 sit!

128 391 308 440 Nescio
343 389 459 452 quid
492 398 619 437 certe
654 398 741 448 est,
779 398 826 437 et
863 390 1025 453 Hylax
1055 394 1110 438 vin
1146 393 1310 439 limine
1346 392 1496 440 latrat.

130 479 415 528 Credimus?
467 494 545 536 an,
582 480 664 543 qui
700 488 880 537 amant,
916 481 1004 542 ipsi
1042 481 1129 527 sibi
1168 482 1356 530 somnia
1391 483 1613 544 fingunt?

198 567 398 622 Parcite,
418 567 479 614 ab
503 568 619 614 urbe
638 568 781 625 venit,
798 569 893 614 iam
919 569 1110 630 parcite,
1131 571 1361 628 carmina,
1381 569 1632 633 Daphnis.'
1711 591 1784 619 110

738 750 1031 796 ECLOGA
1081 753 1179 796 IX.

674 871 898 920 LchAs.
1039 872 1248 921 MOERIS.

860 994 1080 1056 Lycidas.

140 1105 256 1166 Quo
292 1115 350 1167 te,
389 1106 560 1166 Moeri,
598 1106 778 1170 pedes?
829 1121 906 1164 an,
946 1120 1046 1169 quo
1081 1106 1156 1152 via
1192 1105 1336 1165 ducit,
1375 1107 1424 1154 in
1459 1109 1663 1156 urbem?

871 1229 1066 1277 filoerz’s.

146 1334 193 1383 O
228 1333 422 1397 Lycida,
459 1335 549 1382 vivi
583 1334 901 1397 pervenimus,
940 1333 1123 1380 advena
1159 1334 1308 1380 nostri

143 1422 301 1488 (quod
335 1439 600 1487 numquam
635 1423 768 1470 veriti
805 1422 992 1485 sumus)
1028 1430 1079 1469 ut
1113 1437 1362 1484 possessor
1397 1424 1538 1485 agelli

144 1513 322 1562 diceret
360 1517 370 1537 ‘
391 1513 509 1561 haec
543 1528 652 1561 mea
687 1520 824 1570 sunt;
874 1520 1055 1559 veteres
1091 1488 1296 1573 migrate
1333 1512 1520 1560 coloni.’

145 1601 290 1650 Nunc
326 1603 433 1650 victi
467 1603 637 1659 tristes,
676 1601 906 1664 quoniam
942 1600 1061 1647 Fors
1097 1601 1261 1648 omnia
1297 1610 1465 1661 versat,

144 1691 235 1740 hos
270 1691 336 1738 illi
374 1690 529 1755 (quod
564 1706 654 1738 nec
691 1698 839 1737 vertat
876 1686 1019 1752 bene)
1056 1690 1289 1737 mittimus
1325 1690 1521 1739 haedos.

867 1813 1082 1871 Lycidas.

149 1917 293 1966 Certe
328 1918 551 1980 equidem
587 1916 847 1974 audieram,
885 1931 984 1978 qua
1019 1931 1070 1963 se
1107 1916 1372 1963 subducere
1409 1917 1553 1964 colles

149 2007 386 2070 incipiunt
419 2006 650 2069 mollique
685 2007 855 2068 iugum
891 2006 1137 2052 demittere
1172 2006 1307 2064 clivo,

151 2111 306 2159 usque
342 2095 405 2143 ad
438 2110 615 2157 aquam
651 2103 698 2142 et
733 2103 928 2153 veteres,
967 2095 1064 2141 iam
1099 2093 1248 2141 fracta
1283 2095 1548 2154 cacumina,
1586 2095 1723 2159 fagos

153 2184 320 2232 omnia
352 2183 646 2232 carminibus
681 2190 894 2231 vestrum
931 2197 1142 2230 servasse
1180 2181 1456 2234 Menalcan.
1757 2204 1807 2232 10

880 2304 1078 2354 Moeris.

150 2407 413 2457 Audieras:
462 2417 509 2457 et
542 2408 673 2456 fama
707 2408 822 2467 fuit;
877 2408 962 2457 sed
997 2409 1212 2456 carmina
1247 2418 1434 2456 tantum

152 2506 320 2546 nostra
353 2497 527 2556 valent,
566 2497 762 2560 Lycida,
800 2498 894 2546 tela
928 2498 1053 2545 inter
1088 2496 1280 2556 Martia,
1320 2507 1554 2560 quantum

153 2585 404 2634 Chaonias
438 2586 602 2634 dicunt
636 2586 798 2650 aquila
833 2587 1051 2634 veniente
1088 2586 1353 2634 columbas.

155 2673 304 2733 Quod
338 2674 430 2721 nisi
465 2688 544 2723 me
581 2663 891 2739 quacumque
926 2690 1077 2723 novas
1113 2675 1324 2722 incidere
1360 2675 1467 2723 lites

100 2816 104 2826 x
155 2771 265 2811 ante
301 2763 491 2811 sinistra
524 2779 642 2812 cava
676 2765 943 2813 monuisset
979 2765 1039 2811 ab
1075 2764 1181 2812 ilice
1218 2764 1398 2823 cornix,
1761 2786 1806 2827 ¹5

156 2867 246 2900 nec
282 2859 392 2900 tuus
426 2851 504 2901 hic
540 2851 725 2901 Moeris
759 2868 855 2901 nec
885 2853 1062 2900 viveret
1095 2853 1198 2916 ipse
1236 2852 1498 2901 Menalcas.

951 2957 982 2988 D
1011 2957 1035 2988 2
