2022 3145
583 135 852 182 ECLOGA
894 138 986 180 IX.
1017 132 1222 183 66—X.
1253 142 1336 197 52.
1722 146 1789 199 55

132 286 313 334 perque
349 271 482 319 nives
518 271 663 318 alium
698 288 879 334 perque
915 272 1111 320 horrida
1147 282 1302 320 castra
1340 282 1501 321 secuta
1537 273 1637 321 est.¹

131 359 279 407 Venit
314 368 361 407 et
397 361 573 423 agresti
609 361 776 422 capitis
815 360 1037 408 Silvanus
1073 361 1261 410 honore

128 448 355 496 florentes
390 448 564 496 ferulas
601 458 647 496 et
683 450 887 511 grandia
921 450 1016 496 lilia
1052 465 1302 512 quassans.
1740 469 1787 510 ²5

127 535 232 583 Pan
267 537 386 584 deus
419 537 654 584 Arcadiae
690 538 832 595 venit,
873 553 1018 599 quem
1055 539 1261 585 vidimus
1296 539 1386 600 ipsi

128 625 404 686 sanguineis
440 625 567 672 ebuli
604 625 734 673 bacis
769 626 1017 688 minioque
1055 627 1322 674 rubentem.

129 711 337 774 ‘Ecquis
372 713 461 760 erit
496 712 729 760 modus?’
780 714 947 776 inquit.
1023 715 1209 762 ‘Amor
1246 730 1346 762 non
1382 714 1492 762 talia
1528 723 1695 763 curat:

125 815 214 848 nec
248 800 455 847 lacrimis
490 801 693 848 crudelis
728 802 884 849 Amor
920 818 1008 850 nec
1045 804 1264 864 gramina
1301 803 1411 850 rivis

124 898 214 936 nec
249 889 400 951 cytiso
436 897 712 937 saturantur
747 905 862 952 apes
898 906 987 938 nec
1023 891 1193 938 fronde
1229 889 1469 953 capellae.'
1736 909 1788 948 30

124 977 302 1024 Tristis
337 986 385 1024 at
420 978 497 1025 ille
536 982 547 1001 ‘
568 978 762 1026 Tamen
797 980 1064 1038 cantabitis,
1104 978 1348 1038 Arcades,'
1385 980 1554 1042 inquit,

126 1067 403 1114 ‘montibus
438 1067 557 1114 haec
593 1067 775 1126 vestris,
817 1068 905 1116 soli
941 1077 1135 1115 cantare
1173 1069 1314 1130 periti

122 1155 350 1203 ArcadeS.
421 1155 468 1204 O
504 1156 622 1203 mihi
658 1165 762 1203 tum
797 1171 945 1218 quam
982 1156 1188 1204 molliter
1225 1172 1337 1204 ossa
1372 1157 1637 1219 quiescant,

123 1252 279 1291 vestra
313 1259 452 1292 meos
487 1244 604 1292 olim
642 1245 680 1291 si
717 1244 876 1292 fistula
913 1245 1037 1292 dicat
1074 1248 1291 1293 amores!

120 1332 297 1395 Atque·
318 1333 505 1379 utinam
540 1348 600 1380 ex
635 1333 772 1380 vobis
806 1348 932 1380 unus
968 1334 1207 1396 vestrique
1249 1332 1447 1381 fuissem
1733 1353 1781 1392 35

121 1429 204 1467 aut
240 1428 401 1468 custos
436 1421 596 1484 gregis
633 1430 714 1468 aut
749 1430 966 1469 maturae
1003 1422 1177 1469 vinitor
1211 1424 1358 1470 uvae!

121 1507 265 1556 Certe
302 1509 399 1556 sive
434 1509 551 1556 mihi
588 1508 766 1571 Phyllis
803 1510 899 1557 sive
935 1517 1062 1556 esset
1097 1510 1352 1572 Amyntas,

121 1611 207 1644 seu
243 1597 534 1659 quicumque
570 1596 703 1644 furor
738 1595 876 1661 (quid
911 1605 1029 1656 tum,
1069 1598 1108 1644 si
1144 1597 1306 1645 fuscus
1341 1598 1618 1661 Amyntas?

120 1693 169 1733 et
203 1686 367 1748 nigrae
403 1685 556 1733 violae
594 1694 705 1733 sunt
741 1694 786 1733 et
822 1686 1035 1733 vaccinia
1071 1686 1245 1751 nigra),

119 1789 312 1823 mecum
348 1775 469 1822 inter
504 1775 672 1822 salices
708 1775 834 1836 lenta
870 1775 959 1822 sub
996 1775 1088 1822 vite
1125 1775 1332 1823 iaceret:
1727 1797 1780 1837 40

119 1873 242 1911 serta
277 1863 394 1910 mihi
431 1863 609 1926 Phyllis
645 1862 835 1925 legeret,
873 1871 1086 1911 cantaret
1121 1864 1373 1926 Amyntas.

119 1951 218 2000 Hic
253 1952 395 2015 gelidi
430 1951 601 2011 fontes,
640 1951 716 1999 hic
752 1952 915 1999 mollia
950 1961 1099 2014 prata,
1139 1951 1327 2014 Lycori,

117 2040 194 2088 hic
229 2056 430 2089 nemus:
478 2040 554 2089 hic
589 2041 696 2103 ipso
733 2050 891 2088 tecum
927 2056 1236 2088 consumerer
1272 2056 1405 2089 aevo.

118 2127 262 2177 Nunc
296 2130 494 2177 insanus
529 2131 685 2177 Amor
722 2130 827 2177 duri
862 2144 941 2177 me
979 2128 1150 2176 Martis
1186 2130 1236 2176 in
1271 2130 1418 2177 armis

116 2217 209 2265 tela
243 2218 368 2264 inter
402 2217 562 2265 media
598 2226 741 2279 atque
778 2218 1006 2266 adversos
1042 2217 1222 2265 detinet
1258 2217 1453 2265 hostes:
1724 2240 1776 2279 45

117 2313 169 2352 tu
203 2305 371 2368 procul
405 2321 434 2353 a
468 2306 622 2368 patria
657 2304 768 2369 (nec
804 2306 862 2353 sit
899 2305 1017 2352 mihi
1053 2305 1248 2353 credere
1284 2314 1474 2353 tantum
1497 2305 1530 2372 Ι)

115 2393 335 2455 Alpinas,
373 2393 437 2440 ah
470 2394 604 2452 dura,
640 2394 773 2441 nives
809 2402 855 2441 et
891 2393 1070 2456 frigora
1107 2394 1268 2441 Rheni

114 2496 194 2529 me
232 2482 332 2528 sine
369 2481 470 2529 sola
503 2482 650 2529 vides.
720 2482 800 2529 Ah
835 2491 882 2529 te
918 2499 979 2530 ne
1015 2482 1196 2545 frigora
1231 2482 1452 2530 laedant!

113 2569 194 2616 Ah
229 2570 313 2616 tibi
348 2585 409 2617 ne
445 2578 635 2617 teneras
670 2571 846 2633 glacies
884 2580 1010 2618 secet
1046 2586 1216 2633 aspera
1252 2571 1466 2633 plantas!

115 2659 207 2706 Ibo
242 2667 290 2706 et
325 2657 601 2706 Chalcidico
636 2675 760 2721 quae
797 2669 907 2706 sunt
943 2659 1059 2706 mihi
1095 2660 1290 2707 condita
1325 2674 1463 2707 versu
1721 2679 1777 2719 50

28 2759 32 2765 “
113 2748 328 2795 carmina
362 2748 567 2810 pastoris
605 2747 748 2795 Siculi
782 2749 1072 2796 modulabor
1108 2764 1274 2796 avena.

113 2834 312 2883 Certum
349 2845 420 2884 est
457 2836 505 2883 in
541 2836 668 2883 silvis
704 2837 826 2884 inter
863 2837 1050 2900 spelaea
1087 2837 1293 2884 ferarum
