2022 3145
578 136 847 179 ECLOGA
899 138 947 180 V.
990 113 1218 181 6'0—zsl.
1264 149 1343 200 23·
1707 151 1769 196 41

845 287 1055 349 Mopsus.

122 395 186 440 At
223 405 273 440 tu
310 410 444 442 sume
490 397 680 457 pedum,
721 398 865 459 quod,
901 413 979 445 me
1018 414 1128 445 cum
1167 415 1308 462 saepe
1347 414 1550 463 rogaret,

125 498 224 530 non
260 483 364 529 tulit
403 484 669 547 Antigenes
706 487 769 548 <et
807 496 907 534 erat
945 497 1059 535 tunc
1098 489 1271 550 dignus
1307 490 1481 553 amari)

124 571 391 619 formosum
427 575 622 635 paribus
659 575 799 622 nodis
835 585 979 638 atque
1016 593 1139 634 aere,
1178 576 1418 625 Menalca.
1728 597 1778 638 90

734 784 1033 828 ECLOGA
1072 786 1166 827 VI.

128 908 288 955 PR1MA
328 908 582 970 Syracosio
620 911 815 972 dignata
852 922 921 957 est
959 912 1121 958 ludere
1160 928 1298 966 versu

124 1007 290 1046 nostra
326 1014 482 1060 neque
520 999 708 1046 erubuit
748 1000 886 1046 silvas
924 1000 1138 1047 habitare
1178 1001 1366 1049 Thalia.

126 1085 253 1133 Cum
291 1102 515 1135 canerem
551 1104 687 1150 reges
724 1099 769 1134 et
809 1089 1004 1149 proelia,
1044 1088 1282 1149 Cynthius
1320 1106 1484 1138 aurem

124 1175 260 1243 vellig
287 1186 333 1223 et
370 1176 650 1223 admonuit:
691 1177 988 1234 ‘Pastorem,
1028 1177 1207 1239 Tityre,
1245 1179 1452 1241 pingues

126 1279 326 1326 pascere
364 1274 555 1326 oportet
594 1281 721 1323 oves,
760 1266 1021 1312 deductum
1060 1267 1216 1313 dicere
1255 1268 1477 1315 carmem
1757 1291 1779 1329 5

127 1353 271 1400 Nunc
310 1370 402 1416 ego
441 1353 671 1418 (namque
709 1370 854 1416 super
888 1355 973 1401 tibi
1011 1365 1149 1401 erunt
1188 1357 1269 1417 qui
1307 1355 1466 1404 dicere
1505 1358 1684 1416 laudes,

128 1442 270 1500 Vare,
309 1452 415 1505 tuas
453 1444 650 1505 cupiant
687 1452 732 1490 et
770 1444 919 1490 tristia
956 1444 1166 1491 condere
1203 1442 1349 1509 bella)

126 1542 365 1594 agrestem
404 1533 536 1579 tenui
573 1533 845 1580 meditabor
881 1532 1150 1579 harundine
1188 1547 1392 1580 musam.

127 1621 242 1668 Non
277 1622 459 1668 iniussa
496 1637 634 1668 cano.
711 1620 758 1667 Si
796 1622 904 1683 quis
941 1631 1105 1668 tamen
1142 1621 1261 1669 haec
1301 1637 1510 1684 quoque,
1550 1625 1587 1670 si
1626 1626 1732 1685 quis

127 1721 299 1772 captus
335 1725 501 1756 amore
538 1711 679 1772 leget,
718 1720 761 1756 te
799 1719 1009 1767 nostrae,
1047 1709 1189 1767 Vare‚
1229 1712 1455 1773 myricae,
1718 1714 1786 1761 v10

127 1810 172 1847 te
208 1814 381 1847 nemus
419 1814 563 1846 omne
602 1808 776 1856 canet3
816 1814 906 1845 nec
945 1799 1145 1845 Phoebo
1182 1801 1362 1860 gratior
1398 1801 1493 1847 ulla
1531 1812 1616 1859 est,

125 1903 273 1951 quam
310 1889 398 1934 sibi
436 1904 561 1950 quae
599 1887 716 1933 Vari
752 1888 1055 1948 praescripsit
1092 1885 1270 1949 p'agina
1306 1904 1499 1935 nomen.

192 1977 396 2039 Pergste,
432 1976 657 2024 Pierides.
731 1976 958 2023 Chromis
995 1985 1041 2022 et
1078 1974 1347 2037 Mnasyllus
1384 1978 1431 2022 in
1469 1987 1608 2025 antro

126 2066 340 2114 Silenum
375 2067 511 2128 pueri
547 2080 723 2114 somno
759 2065 917 2113 videre
953 2066 1207 2122 iacentem,

125 2157 344 2203 inflatum
381 2156 609 2203 hesterno
644 2170 806 2212 venas,
842 2163 895 2200 ut
933 2168 1137 2215 semper,
1178 2153 1389 2201 Iaccho:
1738 2178 1781 2215 15

126 2256 252 2293 serta
287 2245 457 2307 procul
493 2253 681 2291 tantum
703 2243 863 2305 capiti
899 2242 1094 2304 delapsa
1130 2243 1366 2299 iacebant,

125 2343 173 2383 et
208 2335 367 2398 gravis
402 2335 563 2381 attrita
597 2333 842 2395 pendebat
878 2332 1136 2379 cantharus
1173 2346 1305 2378 ansa.

126 2424 360 2487 Aggressi
396 2421 533 2487 (nam
570 2437 712 2483 saepe
751 2437 899 2468 senex
937 2436 1020 2482 spe
1058 2420 1284 2467 carminis
1320 2420 1465 2467 ambo

125 2513 326 2572 luserat)
363 2512 581 2558 iniiciunt
617 2512 734 2573 ipsis
770 2526 830 2557 ex
866 2510 1055 2557 vincula
1092 2510 1242 2556 sertis.

122 2601 272 2648 Addit
317 2615 368 2648 se
404 2601 587 2648 sociam
623 2599 899 2661 timidisque
937 2599 1208 2661 supervenit
1243 2598 1410 2660 Aegle,
1738 2621 1787 2648 20

125 2690 295 2752 Aegle,
333 2688 577 2736 Naiadum
613 2688 949 2751 pulcherrima,
987 2688 1181 2749 iamque
1217 2687 1398 2734 videnti

125 2778 400 2841 sanguineis
434 2777 643 2825 frontem
678 2778 828 2824 moris
864 2785 909 2823 et
945 2786 1168 2838 tempora
1203 2776 1370 2839 pingit.

126 2867 214 2915 Ille
249 2867 415 2914 dolum
453 2867 614 2913 ridens
653 2865 796 2924 ‘Quo
831 2865 1020 2912 vincula
1045 2865 1298 2912 nectitis?'
1337 2866 1500 2927 inquit.
