2022 3145
612 122 880 177 ECLOGA
931 133 1007 176 VJ.
1052 129 1241 193 24-83,
1675 147 1745 197 43

82 270 189 317 ilice
225 270 317 317 sub
354 270 490 332 nigra
526 269 759 331 pallentes
797 270 1002 315 ruminat
1038 269 1226 320 herbas,
1441 314 1452 323 ,

83 366 164 405 aut
186 357 397 419 aliquam
416 357 464 402 in
483 371 666 418 magno
689 357 901 418 sequitur
919 373 1079 419 grege.
1119 362 1130 381 ‘
1150 357 1385 415 Claudite,
1405 358 1674 421 Nymphae,
1694 382 1713 417 5
1722 382 1744 420 5

84 445 313 493 Dictaeae
350 444 622 508 Nymphae,
660 461 914 493 nemorum
951 450 1045 492 iarn
1084 447 1288 494 claudite
1326 447 1487 503 saltus,

84 535 122 581 si
157 549 254 596 qua
289 533 409 581 forte
446 533 599 581 ferant
635 534 786 581 oculis
824 550 928 581 sese
966 536 1107 582 obvia
1144 536 1316 582 nostris

83 624 352 672 errabunda
388 624 524 670 bovis
561 625 793 686 vestigia;
833 625 1034 673 forsitan
1070 626 1203 671 illurn

85 721 168 760 aut
202 712 352 760 herba
388 720 582 774 captum
618 713 756 759 viridi
793 723 872 759 aut
911 724 1128 760 armenta
1167 722 1385 760 secutum

83 800 350 862 perducant
386 801 573 862 aliquae
612 802 798 848 stabula
836 803 895 848 ad
934 802 1168 863 Gortynia
1204 801 1406 850 vaccae.y
1695 810 1750 850 60

84 889 218 936 Tum
255 890 383 937 canit
420 890 751 952 Hesperidum
788 891 1010 937 miratam
1048 891 1176 937 mala
1212 891 1448 953 puellam:

86 990 190 1028 tum
226 978 634 1026 Phaethontiadas
670 994 843 1026 musco
880 980 1147 1027 circumdat
1184 995 1375 1027 amarae

89 1069 297 1125 corticis,
334 1077 477 1130 atque
515 1068 619 1115 solo
655 1084 882 1130 proceras
919 1069 1056 1130 erigit
1093 1069 1243 1116 alnos.

91 1156 224 1203 Tum
259 1159 402 1213 canit,
438 1166 680 1204 errantem
718 1157 958 1205 Permessi
995 1157 1055 1204 ad
1092 1157 1291 1204 flumina
1330 1157 1522 1205 Gallum

92 1246 261 1294 Aonas
296 1247 347 1292 in
381 1255 574 1293 montes
609 1255 660 1292 ut
698 1247 886 1293 duxerit
923 1262 1018 1292 una
1056 1262 1291 1303 sororum,
1701 1255 1751 1306 65

91 1344 238 1397 utque
274 1335 376 1400 viro
413 1334 597 1382 Phoebi
633 1334 810 1382 chorus
847 1336 1162 1382 assurrexerit
1197 1337 1389 1392 omnis3

89 1434 142 1471 ut
177 1424 331 1472 Linus
366 1424 486 1472 haec
522 1424 587 1470 illi
623 1424 786 1471 divino
823 1425 1035 1472 carmine
1071 1433 1237 1486 pastor

88 1513 289 1561 fioribus
325 1523 469 1576 atque
505 1515 616 1576 apio
652 1514 810 1561 crines
847 1523 1042 1560 ornatus
1080 1529 1246 1560 amaro

89 1602 288 1650 dixerit:
326 1602 466 1650 ‘Hos
502 1603 587 1649 tibi
625 1603 741 1649 dant
778 1602 1006 1658 calamos,
1045 1618 1105 1649 en
1143 1603 1320 1664 accipe,
1362 1602 1546 1655 Musae,

87 1690 304 1739 Ascraeo
340 1707 464 1754 quos
500 1700 611 1738 ante
648 1692 764 1748 seni,
804 1692 979 1752 quibus
1014 1691 1090 1737 ille
1130 1690 1311 1738 solebat
1702 1711 1750 1751 70

90 1780 336 1828 cantando
372 1780 550 1842 rigidas
587 1779 827 1827 deducere
865 1780 1113 1827 montibus
1150 1795 1310 1827 ornos.

91 1866 187 1915 His
221 1869 306 1915 tibi
344 1868 527 1930 Grynei
562 1869 774 1915 nemoris
811 1868 995 1914 dicatur
1031 1869 1180 1930 origo,

91 1973 153 2004 ne
189 1958 298 2020 quis
335 1958 392 2004 sit
427 1958 578 2014 lucus,
617 1973 714 2019 quo
751 1973 801 2004 se
837 1958 945 2019 plus
980 1959 1124 2004 iactet
1160 1957 1367 2019 Apollo.'

93 2047 226 2107 Quid
260 2047 444 2110 loquar,
481 2055 562 2094 aut
600 2045 808 2108 Scyllam
846 2045 965 2103 Nisi,
1004 2061 1150 2108 quam
1185 2046 1313 2092 fama
1350 2056 1513 2094 secuta
1549 2055 1623 2094 est

90 2135 299 2183 candida
334 2135 632 2183 succinctam
667 2135 952 2182 latrantibus
990 2136 1189 2197 inguina
1224 2137 1453 2182 monstris
1702 2154 1750 2195 75

89 2225 339 2273 Dulichias
373 2240 574 2272 vexasse
612 2234 738 2271 rates
774 2233 820 2270 et
857 2225 1043 2286 gurgite
1080 2224 1129 2269 in
1165 2224 1262 2270 alto

89 2313 177 2362 ah!
215 2313 411 2360 timidos
446 2322 617 2360 nautas
653 2314 853 2360 canibus
890 2313 1126 2360 lacerasse
1162 2313 1391 2359 marinis:

88 2412 168 2450 aut
202 2411 256 2449 ut
290 2410 500 2448 mutatos
536 2400 682 2448 Terei
718 2402 979 2448 narraverit
1016 2410 1161 2457 artus,

88 2505 212 2554 quas
244 2490 311 2537 illi
346 2489 615 2537 Philomela
649 2490 815 2551 dapes,
852 2506 975 2553 quae
1012 2490 1141 2537 dona
1177 2491 1368 2552 pararit,

88 2594 190 2641 quo
225 2593 371 2626 cursu
407 2577 598 2625 de‘serta
631 2579 859 2640 petiverit,
898 2588 945 2625 et
982 2579 1158 2640 quibus
1194 2584 1320 2624 ante
1699 2588 1751 2624 80

88 2667 252 2715 infelix
289 2682 377 2714 sua
412 2675 537 2714 tecta
573 2667 986 2729 supervolitaverit
1023 2668 1143 2714 alis?

90 2755 285 2813 Omnia,
322 2770 445 2818 quae
482 2754 682 2802 Phoebo
719 2756 969 2816 quondam
1005 2756 1267 2802 meditante
1305 2757 1474 2802 beatus

90 2844 237 2891 audiit
273 2842 485 2890 Eurotas
520 2843 751 2904 iussitque
787 2844 1001 2891 ediscere
1038 2843 1211 2898 lauros,
