2022 3145
196 154 266 197 44
841 106 890 183 ’Β
900 142 1208 185 UCOLICA.

194 278 271 324 ille
310 278 437 324 canit
474 276 660 338 <pulsae
699 276 908 325 referunt
945 279 1006 324 ad
1044 278 1200 325 sidera
1235 276 1417 343 valles),

195 382 371 428 cogere
409 367 564 414 donec
603 382 718 413 oves
756 367 953 413 stabulis
990 383 1347 429 numerumque
1385 367 1545 414 referri
1811 377 1859 425 85

194 457 329 502 iussit
367 464 413 502 et
450 456 598 502 invito
636 456 871 516 processit
909 455 1099 516 Vesper
1136 455 1362 517 Olympo.

802 749 1098 793 ECLOGA
1135 750 1261 792 VII.

498 897 800 945 MELIBOEUS.
943 899 1191 946 CORYDON.
1335 900 1560 947 THYRSIS.

896 1048 1163 1097 Meliboeus.

195 1160 362 1207 FORTE
401 1160 489 1206 sub
526 1170 692 1221 arguta
730 1161 1014 1207 consederat
1051 1161 1155 1207 ilice
1191 1161 1427 1223 Daphnis,

194 1249 623 1311 compulerantque
661 1265 835 1311 greges
873 1249 1105 1311 Corydon
1143 1260 1189 1298 et
1228 1251 1429 1312 Thyrsis
1467 1253 1515 1297 in
1553 1267 1717 1298 unum.

197 1329 400 1398 Thyrsis
438 1353 564 1395 oves,
606 1337 840 1400 Corydon
878 1339 1108 1386 distentas
1144 1340 1267 1387 lacte
1304 1340 1525 1402 capellas,

193 1428 339 1474 ambo
374 1426 602 1474 florentes
638 1428 886 1485 aetatibus,
923 1428 1138 1475 Arcades
1173 1430 1333 1486 ambo,

195 1527 241 1563 et
279 1529 475 1563 cantare
511 1532 651 1578 pares
687 1527 733 1564 et
770 1518 1065 1579 respondere
1102 1519 1271 1579 parati.

198 1606 312 1652 Huc
350 1605 482 1663 mihi,
521 1605 636 1653 dum
673 1615 861 1653 teneras
898 1606 1105 1654 defendo
1142 1623 1169 1653 a
1204 1607 1383 1669 frigore
1420 1619 1616 1668 myrtOS,

196 1696 266 1741 vir
302 1695 461 1756 gregis
499 1696 599 1756 ipse
637 1711 782 1756 caper
818 1696 1148 1754 deerraverat;
1186 1709 1330 1758 atque
1369 1713 1461 1758 ego
1498 1696 1745 1758 Daphnim

198 1785 395 1845 aspicio.
467 1784 550 1831 Ille
587 1784 670 1830 ubi
706 1799 783 1831 me
823 1797 993 1832 contra
1028 1785 1168 1842 videt,
1210 1785 1414 1833 ‘Ocius'
1452 1787 1607 1847 inquit

201 1872 324 1919 ‘huc
364 1872 492 1929 ades,
531 1888 561 1919 o
599 1871 870 1930 Meliboee3
911 1888 1055 1934 caper
1091 1873 1177 1919 tibi
1214 1874 1372 1920 salvus
1409 1885 1454 1920 et
1490 1874 1662 1921 haedi:

198 1970 261 2018 et,
300 1963 338 2008 si
376 1961 491 2024 quid
528 1977 715 2009 cessare
751 1970 905 2023 potes,
943 1963 1192 2024 requiesce
1231 1964 1321 2010 sub
1356 1965 1542 2010 umbra.
1819 1983 1868 2010 10

201 2051 316 2097 Huc
353 2051 443 2112 ipsi
478 2061 650 2112 potum
685 2051 879 2098 venient
913 2067 999 2113 per
1033 2060 1171 2112 prata
1207 2052 1396 2099 iuvenci
1414 2068 1426 2109 3

201 2140 277 2186 hic
314 2139 486 2187 virides
522 2149 690 2187 tenera
725 2142 961 2202 praetexit
995 2141 1266 2188 harundine
1302 2143 1429 2204 ripas

201 2229 427 2285 Mincius,
443 2202 592 2291 *eque
617 2231 760 2277 ¹sacra
796 2230 1025 2277 resonant
1063 2232 1286 2278 examina
1320 2231 1527 2294 quercu?

204 2317 338 2376 Quid
374 2317 615 2366 facerem?
652 2334 810 2380 neque
841 2334 933 2381 ego
962 2320 1201 2381 Alcippen
1231 2337 1321 2367 nec
1348 2320 1563 2381 Phyllida
1590 2321 1846 2377 habebam,

202 2408 429 2470 depulsos
465 2424 492 2455 a
528 2408 651 2455 lacte
689 2408 822 2455 domi
858 2423 983 2470 quae
1021 2409 1262 2457 clauderet
1298 2425 1468 2472 agnos,
1820 2431 1867 2471 15

203 2507 250 2544 et
286 2507 531 2545 certamen
567 2506 682 2555 erat,
721 2496 952 2559 Corydon
990 2513 1102 2545 cum
1141 2498 1399 2560 Thyrside,
1437 2514 1685 2561 magnum.

205 2587 469 2634 Posthabui
504 2596 669 2634 tamen
705 2587 895 2633 illorum
930 2602 1039 2634 mea
1076 2588 1198 2635 seria
1234 2588 1361 2636 ludo.

205 2677 416 2723 Alternis
451 2677 596 2739 igitur
632 2676 927 2723 contendere
963 2677 1178 2724 versibus
1214 2678 1361 2724 ambo

204 2781 408 2827 coepere
428 2782 439 2823 3
479 2766 689 2813 alternos
727 2764 902 2813 Musae
939 2767 1220 2813 meminisse
1256 2766 1496 2814 volebant.

207 2854 316 2900 Hos
354 2854 600 2917 Corydon,
638 2854 744 2902 illos
780 2854 1017 2903 referebat
1053 2856 1102 2901 in
1138 2856 1306 2903 ordine
1344 2855 1559 2917 Thyrsis.
1819 2875 1868 2901 20
