2022 3145
514 146 782 189 ECLOGA
834 147 910 189 VJ.
955 142 1210 200 84—VJJ.
1252 155 1336 202 42.
1684 154 1753 203 45

830 280 872 328 C
872 283 1052 342 olydon.

100 390 369 452 Nymphae,
406 400 570 437 noster
604 406 756 448 amor,
794 391 1107 447 Libethrides,
1146 402 1224 436 aut
1262 392 1376 436 mihi
1413 406 1621 441 carmen,

99 479 239 541 quale
275 494 386 526 meo
423 478 602 536 Codro,
643 480 896 528 concedite
935 476 1175 543 (proxima
1214 479 1397 526 Phoebi

98 568 314 615 versibus
351 568 427 615 ille
463 567 597 629 facit)
634 578 728 623 aut,
768 570 805 615 si
844 583 943 615 non
980 583 1240 630 possumus
1279 584 1463 619 omnes,

98 657 175 703 hic
212 665 382 717 arguta
418 671 553 703 sacra
590 657 818 717 pendebit
857 657 1011 702 fistula
1052 658 1180 718 pinu.

827 766 1034 826 Thyrsis.

101 868 339 924 Pastores,
376 868 553 915 hedera
589 879 890 915 crescentem
929 882 1096 914 ornate
1135 880 1345 929 poetam,
1712 890 1758 929 25

101 957 329 1013 Arcades,
365 957 541 1022 invidia
576 966 859 1017 rumpantur
897 968 945 1002 ut
986 957 1061 1002 ilia
1100 956 1292 1014 Codro;

101 1054 196 1102 aut,
227 1047 265 1092 si
301 1046 424 1116 ultra
459 1045 688 1106 placitum
726 1045 942 1103 laudarit,
981 1047 1182 1092 baccare
1220 1046 1426 1092 frontem

101 1135 290 1196 cingite,
328 1150 388 1181 ne
425 1135 518 1180 vati
556 1144 729 1181 noceat
768 1134 894 1179 mala
932 1134 1093 1195 lingua
1132 1135 1305 1181 futuro.

817 1242 1042 1304 Corydon.

103 1346 289 1394 Saetosi
326 1357 468 1409 caput
506 1346 598 1393 hoc
636 1348 738 1408 apri
777 1347 876 1405 tibi,
915 1347 1068 1404 Delia,
1106 1362 1280 1408 parvus

101 1444 149 1482 et
184 1443 377 1482 ramosa
412 1434 582 1482 Micon
619 1436 793 1481 vivacis
831 1451 1012 1482 cornua
1050 1437 1189 1482 cervi.
1714 1455 1765 1493 30

101 1523 151 1570 Si
186 1525 435 1586 proprium
472 1524 564 1570 hoc
602 1525 754 1581 fuerit,
792 1525 879 1571 levi
918 1525 976 1570 de
1013 1538 1256 1570 marmore
1296 1535 1391 1569 tota

100 1613 309 1674 puniceo
346 1613 493 1659 stabis
530 1628 665 1658 suras
701 1613 888 1659 evincta
925 1612 1178 1659 cothurno.

827 1721 1036 1777 morsis.

105 1824 275 1872 Sinum
309 1825 445 1872 lactis
482 1834 528 1871 et
564 1824 681 1872 haec
718 1833 764 1871 te
801 1825 910 1883 liba,
951 1826 1137 1887 Priape,
1176 1826 1436 1887 quotannis

102 1922 356 1976 expectare
394 1923 466 1961 sat
502 1923 600 1961 est:
648 1922 813 1961 custos
850 1929 901 1961 es
937 1915 1161 1976 pauperis
1197 1914 1336 1960 horti.

102 2016 229 2049 nunc
267 2012 314 2050 te
349 2017 676 2050 marmoreum
714 2018 803 2064 pro
840 2011 1058 2064 tempore
1096 2003 1322 2060 fecimus;
1375 2014 1420 2048 at
1461 2014 1509 2047 tu
1717 2021 1764 2061 35

103 2091 142 2138 si
177 2090 331 2138 fetura
366 2081 565 2154 gregem
604 2092 910 2153 suppleverit,
951 2107 1125 2138 aureus
1163 2093 1281 2138 esto.
1470 2088 1472 2090 ’

819 2200 1046 2259 Corydon.

105 2303 286 2350 Nerine
323 2303 538 2362 Galatea,
579 2304 745 2366 thymo
782 2304 898 2349 mihi
936 2304 1119 2350 dulcior
1156 2303 1363 2364 Hyblae.

103 2392 352 2439 candidior
386 2393 562 2454 cycnis,
601 2392 778 2440 hedera
814 2393 1074 2439 formosior
1110 2392 1230 2447 alba,

104 2495 216 2528 cum
252 2481 463 2542 primum
500 2482 623 2542 pasti
661 2492 879 2543 repetent
915 2482 1195 2543 praesaepia
1232 2482 1366 2528 tauri.

105 2571 144 2618 si
181 2585 278 2632 qua
313 2571 381 2616 tui
419 2570 692 2631 Corydonis
729 2570 873 2616 habet
911 2579 956 2616 te
995 2585 1120 2627 cura,
1163 2570 1338 2616 venito.
1718 2588 1769 2626 40

835 2679 884 2724 T
875 2680 1043 2739 lgyrsz's.

107 2783 270 2830 Immo
305 2798 399 2845 ego
437 2781 684 2830 Sardoniis
721 2782 883 2828 videar
918 2782 1003 2828 tibi
1039 2782 1248 2828 amarior
1285 2781 1458 2838 herbis,

107 2871 343 2919 horridior
378 2886 532 2928 rusco,
572 2872 785 2932 proiecta
820 2871 956 2917 vilior
993 2870 1112 2932 alga,
